2853 3720
1360 102 1414 143 17

152 246 340 290 Carolus
371 244 460 290 Gu.
491 244 641 289 Lucas
657 246 710 302 Ι·),
741 245 1019 288 doctissimus
1048 245 1113 287 vir
1141 245 1186 287 in
1215 245 1446 288 homericis
1477 245 1610 288 rebus
1649 245 1826 304 egregie
1856 253 2067 288 versatus.
2110 244 2368 290 Rectissime
2406 248 2444 290 is
2475 247 2624 292 docuit

145 317 231 359 ista
260 315 348 359 duo
378 315 543 358 talenta
571 330 660 357 non
689 314 826 358 iudici
855 329 955 358 esse
985 314 1204 366 donanda,
1237 315 1312 372 qui
1342 315 1582 358 iustissime
1613 330 1737 357 suam
1768 314 2028 357 sententiam
2060 314 2242 365 tulisset,
2273 331 2424 359 verum
2456 327 2627 361 certan-

142 383 259 428 tibus
290 399 343 428 ea
363 383 563 442 exposita
593 399 704 435 esse,
736 391 780 427 et
810 383 885 441 qui
916 398 1091 427 causam
1123 398 1248 427 suam
1279 384 1606 427 accuratissime
1637 392 1679 427 01
1709 383 1940 428 verissime
1970 383 2261 435 defendisset,
2292 383 2393 427 huic
2424 401 2521 430 esse
2552 389 2629 430 tri·

143 452 333 497 buenda.
379 452 511 497 Unde
542 468 645 497 vero
686 453 819 497 allata
859 453 947 496 sint
987 452 1097 495 haec
1132 452 1220 496 duo
1250 453 1436 504 talenta,
1479 452 1525 495 id
1555 452 1689 495 miror
1714 453 1833 507 quod
1862 452 2012 497 Lucas
2043 452 2218 496 videtur
2248 467 2458 508 quaerere
2496 457 2625 500 nolle.

138 522 273 566 Recte
287 522 465 579 quidem
481 523 579 576 alia,
599 538 709 579 quae
724 523 982 581 interpretes
999 521 1177 579 quidam
1192 523 1427 578 quaesituri
1442 523 1633 575 fuerunt,
1652 538 1686 565 e.
1702 538 1758 581 g.‚
1771 523 1888 580 quod
1907 523 2094 581 pretium
2108 522 2341 566 habuerint
2357 524 2439 567 ista
2454 525 2626 575 talenta,

147 593 247 649 quis
276 607 328 636 ea
358 594 571 652 superiori
602 594 862 637 certantium
893 592 1136 636 traditurus
1166 593 1294 636 fuerit
1324 593 1369 636 in
1406 610 1587 645 manus,
1628 593 1792 651 quippe
1830 593 1971 637 aliena
2008 603 2051 637 et
2086 609 2269 651 prorsus
2306 593 2454 651 inepta
2481 594 2628 639 Lucas

147 663 310 707 refutat
320 679 333 715 ;
367 663 444 707 sed
475 663 593 707 unde
625 662 871 706 exstiterint
901 663 993 706 auri
1027 662 1115 706 duo
1150 662 1316 706 talenta
1344 661 1612 707 certantibus
1650 662 1874 720 exposita,
1915 662 1960 706 id
1991 677 2198 719 quaerere
2228 677 2315 706 non
2345 663 2533 707 alienum
2564 666 2630 707 vi-

139 732 281 777 detur.
325 732 425 776 Hac
456 733 510 776 de
539 749 586 777 re
617 733 795 790 quidem
825 732 898 775 alii
928 733 1014 776 alia
1044 732 1324 776 coniecerunt
1354 733 1516 790 inepta.
1571 731 1784 775 Nonnulli
1814 741 2075 776 censuerunt
2104 733 2218 777 hanc
2253 734 2487 790 pecuniam
2512 743 2622 777 tam·

146 818 277 859 quam
307 801 702 858 παρακαταβολήν,
735 803 827 846 81νο
858 810 1192 854 sacramentum,
1225 802 1344 859 apud
1374 802 1542 845 iudices
1573 801 1823 858 depositam
1855 816 1951 845 esse
1981 801 2036 845 ab
2067 817 2139 854 eo,
2173 803 2248 857 qui
2278 803 2464 846 alterum
2496 817 2626 845 accu-

143 879 308 924 sasset,
340 885 483 926 neque
511 871 597 929 ipsi
627 872 846 915 redditum
875 872 944 924 iri,
977 872 1012 915 si
1043 871 1155 915 falso
1186 879 1460 923 accusasset;
1493 871 1547 914 de
1575 870 1829 914 huiusmodi
1860 886 1963 914 vero
1993 872 2182 929 pecunia
2211 872 2406 929 cogitare
2427 872 2517 915 1100-
2533 872 2629 915 1000

142 955 229 984 non
260 940 378 993 licet,
412 941 579 999 quippe
608 956 720 998 quae
750 941 961 985 tradenda
990 942 1044 985 sit
1074 941 1285 999 superiori
1317 941 1591 985 certantium.
1623 940 1780 999 Longe
1809 941 1999 999 ineptius
2018 942 2092 985 alii
2114 942 2348 986 commenti
2380 950 2494 993 sunt,
2515 941 2628 985 hanc

141 1010 370 1068 pecuniam
400 1010 577 1054 allatam
607 1026 702 1055 esse
732 1027 759 1054 a
788 1011 952 1069 populo
983 1025 1035 1054 ac
1066 1010 1325 1055 destinatam
1356 1009 1593 1055 iustissimo
1622 1010 1780 1062 iudici3
1814 1010 1887 1054 alii
1919 1011 2104 1069 denique
2137 1011 2419 1069 suspicantur
2450 1011 2504 1055 ab
2535 1027 2627 1055 am-

143 1079 285 1123 bobus
317 1096 414 1124 eam
444 1080 646 1124 collatam
677 1096 798 1132 esse3
834 1081 911 1124 sed
943 1088 986 1124 et
1014 1080 1083 1124 his
1114 1081 1393 1136 respondisse
1425 1081 1619 1125 sufficiet
1649 1080 1765 1124 hanc
1804 1081 2035 1138 pecuniam
2076 1081 2201 1125 alteri
2233 1082 2494 1125 destinatam
2525 1097 2623 1124 esse

142 1149 341 1201 illorum,
374 1150 450 1207 qui
481 1151 677 1212 superior
707 1151 942 1202 evasisset3
986 1165 1064 1194 cur
1094 1165 1197 1193 vero
1227 1161 1455 1194 accusator
1484 1150 1665 1194 inferior
1693 1151 1836 1194 100108
1866 1159 2033 1194 tantum
2064 1152 2274 1209 pecuniae
2304 1159 2509 1196 accusato
2544 1151 2629 1194 sol-

142 1234 242 1263 vere
276 1218 458 1273 debeat,
505 1227 712 1276 quantam
755 1227 985 1264 accusatus
1030 1234 1212 1278 poenam
1256 1219 1311 1263 ob
1356 1220 1572 1265 hominem
1611 1220 1909 1272 interfectum,
1949 1235 2028 1264 cur
2067 1220 2139 1264 ille
2178 1221 2353 1265 omnino
2390 1221 2630 1278 quidquam

145 1288 323 1334 inferior
362 1290 505 1334 100108
536 1305 609 1334 100
640 1290 858 1349 persolvat
887 1291 932 1334 in
961 1290 1048 1333 ista
1078 1305 1230 1343 causa,
1272 1290 1348 1333 ubi
1388 1290 1533 1350 agitur
1574 1290 1629 1334 de
1664 1305 1806 1348 poena
1844 1299 2013 1335 tantum
2045 1290 2255 1335 solvenda
2283 1290 2341 1335 ob
2371 1291 2542 1335 facinus
2574 1290 2629 1333 ab

145 1360 281 1402 altero
312 1359 612 1410 commissum,
644 1360 689 1402 id
717 1373 897 1416 prorsus
926 1359 1111 1418 intelligi
1140 1359 1300 1417 nequit.

349 1429 499 1485 Quum
529 1445 631 1473 vero
662 1430 769 1473 haec
808 1439 895 1473 tota
925 1446 991 1474 res
1021 1430 1135 1473 inter
1163 1430 1275 1475 duos
1306 1439 1520 1474 certantes
1551 1438 1706 1488 agatur
1737 1445 1961 1488 quumque
1992 1439 2182 1475 certetur
2211 1431 2265 1475 de
2295 1447 2451 1488 poena,
2484 1439 2630 1474 utrum

147 1515 198 1542 ea
241 1499 448 1544 solvenda
492 1501 548 1543 sit
592 1516 646 1543 an
684 1500 770 1543 iam
812 1500 974 1553 soluta,
1020 1516 1194 1544 necesse
1233 1508 1298 1544 est
1337 1501 1419 1544 ista
1460 1500 1548 1544 duo
1579 1501 1744 1544 talenta
1774 1509 1999 1557 tamquam
2037 1514 2222 1556 poenam
2262 1501 2405 1544 iacere
2435 1501 2632 1558 deposita

157 1569 212 1613 ab
244 1580 462 1620 accusato,
494 1579 541 1613 ut
570 1570 671 1614 huic
701 1570 954 1622 reddantur,
987 1569 1023 1613 si
1053 1570 1147 1627 ipse
1178 1570 1378 1628 superior
1408 1570 1621 1622 evaserit,
1662 1570 1727 1613 sin
1759 1584 1862 1614 vero
1906 1569 2037 1622 alter,
2078 1578 2127 1612 ut
2156 1570 2229 1612 isti
2259 1585 2340 1627 pro
2369 1585 2511 1628 poena
2541 1569 2631 1612 sol-

146 1646 317 1691 vantur,
348 1638 496 1694 itaque
517 1647 565 1683 ut
585 1654 668 1696 res,
699 1639 751 1683 de
774 1653 861 1697 qua
881 1640 1039 1697 agitur,
1071 1641 1335 1684 victorem
1366 1647 1661 1697 sequatur,
1692 1640 1806 1683 sicut
1835 1640 1963 1683 etiam
1993 1639 2106 1683 inter
2136 1639 2328 1683 homines
2357 1639 2405 1683 fit
2433 1639 2548 1683 ferro
2578 1639 2633 1682 de

147 1709 293 1764 aliqua
322 1723 369 1753 re
399 1709 705 1761 decernentes3
739 1709 814 1753 cfr.
846 1708 1001 1753 Livius
1030 1710 1061 1753 1.
1093 1709 1321 1754 XXVIII.
1353 1724 1388 1753 0.
1418 1710 1488 1752 21.
1534 1708 1635 1752 Νο0
1676 1709 1865 1751 dixerim
1906 1709 2105 1766 quidem,
2148 1709 2250 1752 inde
2290 1710 2447 1753 0001101
2486 1724 2630 1767 posse,

148 1777 192 1820 10
225 1777 429 1822 omnibus
461 1777 714 1823 huiusmodi
745 1778 1076 1836 quaestionibus
1109 1787 1277 1822 tantum
1308 1779 1534 1837 pecuniae,
1566 1787 1779 1835 quantum
1810 1779 1943 1821 fuerit
1972 1779 2162 1836 pretium
2194 1779 2288 1822 eius
2326 1779 2416 1830 rei,
2461 1779 2515 1821 de
2546 1794 2633 1836 qua

150 1854 402 1903 certaretur,
434 1846 489 1890 ab
521 1856 728 1891 accusato
759 1848 921 1906 deponi
952 1848 1128 1892 solitum
1158 1849 1314 1900 fuisse,
1346 1848 1423 1890 sed
1451 1848 1497 1890 10
1526 1848 1718 1905 imagine
1759 1855 1910 1891 nostra
1946 1849 2031 1890 fuit
2068 1862 2245 1890 necesse
2284 1849 2365 1890 ista
2404 1848 2491 1889 duo
2537 1848 2633 1889 auri

150 1916 310 1958 talenta
338 1917 459 1973 pingi
490 1932 515 1958 a
544 1926 673 1973 poeta
703 1926 923 1973 tamquam
955 1932 1120 1974 poenae
1149 1918 1247 1961 1000
1279 1918 1487 1974 deposita,
1519 1925 1562 1959 et
1591 1913 1635 1959 si'
1659 1932 1709 1959 ea
1740 1916 1938 1973 deposita
1967 1918 2268 1960 existimantur
2288 1926 2420 1971 atque
2440 1918 2631 1974 pingun-

160 1995 246 2036 tur,
277 1985 407 2028 etiam
438 1985 493 2028 ab
525 2000 597 2028 reo
628 1986 827 2042 deposita
858 2002 954 2029 esse
985 1986 1143 2030 debent
1175 1987 1440 2037 existimari,
1485 2001 1572 2043 qua
1602 1986 1958 2043 interpretatione
1988 1988 2155 2038 omnia,
2195 2002 2306 2044 quae
2347 1987 2391 2029 in
2422 1986 2503 2029 hoc
2534 1987 2630 2029 loco

158 2063 260 2098 sunt
292 2055 624 2108 consideranda,
656 2055 788 2113 plana
817 2056 1042 2099 exsistunt.

361 2269 491 2314 Haec
521 2270 692 2313 habetis
723 2286 800 2313 vos
830 2270 1128 2328 potissimum,
1157 2271 1337 2313 iuvenes
1369 2269 1654 2320 dilectissimi,
1687 2278 1864 2326 tanqum
1895 2268 2117 2325 exempla,
2166 2267 2324 2322 quibus
2354 2282 2630 2311 commonea-

155 2339 278 2391 mini,
310 2354 445 2395 quam
475 2340 520 2382 in
551 2339 746 2383 Homero
777 2348 928 2383 nostro
959 2339 1098 2382 multa
1126 2340 1234 2390 sint,
1267 2353 1376 2393 quae
1407 2339 1605 2393 quamvis
1635 2338 1977 2396 ingeniosissimi
2007 2337 2139 2381 huius
2170 2346 2325 2395 poetae
2355 2338 2493 2382 oratio
2527 2337 2631 2380 sim-

152 2407 393 2463 plicissima
422 2417 466 2452 et
496 2408 740 2465 planissimi
773 2411 840 2459 sit,
872 2408 1019 2452 adhuc
1049 2415 1192 2451 tamen
1225 2409 1434 2452 sinceram
1462 2407 1711 2463 iustamque
1742 2407 2140 2464 interpretationem
2169 2414 2436 2463 exspectent.
2484 2405 2633 2461 Quare

154 2492 231 2520 vos
261 2477 393 2521 etiam
423 2486 554 2533 atque
585 2479 713 2521 etiam
745 2478 976 2530 exhortor,
1019 2485 1069 2521 ut
1109 2477 1453 2534 locupletissima
1483 2486 1524 2520 et
1555 2477 1814 2520 suavissima
1852 2475 1940 2519 ista
1970 2476 2163 2520 carmina
2199 2475 2358 2519 iterum
2389 2476 2634 2531 iterumque

153 2546 198 2588 in
228 2555 451 2603 posterum
483 2546 640 2603 legatis
672 2562 724 2590 ac
754 2563 840 2590 non
872 2546 1002 2591 modo
1034 2556 1199 2591 vestrae
1237 2547 1431 2604 ipsorum
1468 2554 1512 2590 et
1552 2545 1808 2590 eruditionis
1847 2552 1891 2589 et
1932 2544 2231 2589 delectationis
2276 2544 2421 2602 gratia
2457 2545 2501 2588 in
2532 2560 2631 2602 per-

157 2615 355 2671 cipienda
385 2615 566 2660 Homeri
595 2617 787 2660 oratione
817 2624 860 2660 et
891 2615 935 2659 in
966 2616 1246 2672 explorandis
1278 2614 1612 2673 quibuscunque
1642 2615 1872 2659 homericis
1892 2614 2024 2659 rebus
2046 2630 2178 2672 quam
2199 2614 2437 2673 plurimum
2459 2629 2633 2659 exerce-

157 2684 302 2736 amini,
335 2684 411 2728 sed
442 2693 483 2728 et
514 2685 695 2729 aliorum
726 2685 925 2729 utilitatis
956 2700 1102 2737 causa,
1133 2692 1346 2742 quantum
1376 2684 1562 2742 possitis,
1595 2683 1649 2726 ad
1680 2683 1938 2726 illustranda
1969 2692 2010 2727 et
2040 2683 2302 2741 explicanda
2339 2691 2541 2740 recteque
2571 2684 2635 2726 in—

158 2754 439 2808 terprctanda
468 2754 731 2799 immortalia
761 2754 943 2799 Homeri
974 2755 1166 2800 carmina
1196 2769 1275 2812 pro
1306 2762 1452 2798 vestra
1481 2762 1604 2811 parte
1635 2751 1871 2810 aliquando
1903 2753 2100 2797 conferre
2133 2750 2361 2798 conemini.

370 2906 403 2951 ¹⁸)
430 2906 676 2953 §Bbilologifdye
702 2904 948 2954 nemertungen
974 2907 1004 2942 1.
1030 2915 1069 2952 gu
1095 2905 1221 2953 einiger
1247 2905 1388 2944 ffiilbern
1415 2905 1476 2949 auf
1498 2907 1567 2941 bem
1596 2906 1683 2945 bom.
1712 2904 1853 2950 &chime
1891 2907 1949 2941 bes
1976 2904 2138 2949 Urbiaca,
2183 2906 2232 2940 ΙΙ.
2268 2904 2346 2939 fiber
2381 2905 2440 2938 tae
2474 2904 2630 2947 ινοτῖῴιαε

167 2966 267 3008 genbe
292 2974 320 2997 ε.
354 2965 431 2999 Ἐοιι
458 2964 524 3000 Dr.
553 2964 594 3000 G.
622 2964 673 2999 28.
703 2964 823 2999 Zutuss.
855 2964 1027 3004 (immeriti,
1054 2962 1153 2997 1843.

1892 3077 1969 3124 Dr.
2003 3078 2087 3123 Al.
2120 3076 2489 3136 Capellmann.
