2853 3720
1376 626 1477 694 II.

870 831 1311 920 Schcdac
1359 832 1950 921 Homericae.

1367 1174 1400 1228 ς.
1439 1175 1473 1215 ι.

307 1301 452 1367 Ante
482 1320 562 1363 hos
593 1334 670 1363 sex
701 1334 862 1372 annos,
907 1320 1277 1380 quinquagesimo
1317 1320 1448 1362 huius
1487 1321 1626 1364 seculi
1667 1336 1805 1374 anno,
1847 1322 1890 1364 in
1923 1322 2072 1365 libello
2110 1321 2401 1366 Confluentini
2435 1323 2664 1382 Gymnasii

168 1392 400 1438 annalibus
420 1391 597 1447 publice
613 1391 739 1434 editis
761 1393 1026 1448 praeposito,
1045 1393 1116 1434 0111
1134 1407 1290 1435 110111οι1
1306 1392 1433 1440 idem,
1457 1392 1576 1448 quod
1593 1393 1687 1434 istis
1702 1393 1908 1450 plagulis,
1926 1393 2184 1450 inscriptum
2205 1401 2282 1443 est,
2306 1408 2408 1450 pag.
2428 1396 2481 1436 14
2498 1409 2557 1436 ss.
2575 1396 2609 1449 §.
2627 1396 2666 1436 3.

168 1462 351 1505 Homeri
383 1462 574 1516 aliquem
604 1461 752 1502 locum
783 1468 901 1502 recte
933 1469 1116 1502 conatus
1156 1476 1252 1502 sum
1291 1461 1583 1514 interpretari,
1623 1462 1790 1504 scilicet
1839 1461 2005 1518 Odyss.
2037 1462 2113 1504 lib.
2143 1461 2180 1504 I.
2212 1478 2251 1504 v.
2283 1464 2393 1516 292,
2432 1462 2507 1505 καὶ
2535 1460 2665 1515 ἀνέρι

167 1531 339 1586 μητέρα
370 1531 557 1579 δοῦναι,
600 1537 732 1584 atque
770 1529 1039 1584 argumentis
1081 1529 1189 1571 mihi
1220 1529 1369 1572 videor
1400 1530 1503 1572 satis
1542 1531 1711 1572 idoneis
1744 1531 2087 1582 demonstrasse,
2127 1531 2235 1573 haec
2265 1530 2399 1574 verba
2428 1547 2515 1574 non
2547 1533 2666 1575 dicta

166 1614 265 1642 esse
297 1598 351 1642 de
384 1597 590 1641 secundis
622 1596 868 1654 Penelopae
899 1596 1093 1654 nuptiis,
1124 1596 1208 1640 hoc
1240 1612 1394 1647 sensu,
1425 1608 1490 1650 „et
1520 1600 1609 1642 viro
1638 1608 1814 1642 matrem
1855 1601 2014 1643 tradere
2043 1600 2087 1641 in
2116 1601 2486 1654 matr-imom’um“,⁴
2508 1600 2583 1644 sed
2614 1601 2667 1644 de

165 1668 331 1712 inferiis
364 1683 391 1711 a
421 1675 557 1711 matre
589 1665 865 1717 Telemachi,
905 1681 930 1710 a
960 1666 1204 1723 Penelope,
1246 1665 1366 1709 Ulixi
1408 1668 1562 1711 marito
1602 1668 1829 1721 faciendis,
1870 1683 1921 1711 ac
1964 1668 2106 1711 deleto
2143 1668 2480 1726 interpungendi
2526 1670 2665 1728 signo,

166 1737 282 1795 quod
310 1737 411 1794 poni
435 1737 611 1780 solitum
635 1744 699 1779 est
719 1742 813 1794 post
830 1750 981 1779 vocem
1014 1737 1150 1788 ἔοικε,
1183 1736 1243 1778 ita
1272 1735 1576 1795 coniungenda
1596 1752 1693 1782 cum
1726 1738 2084 1796 praecedentibus
2115 1737 2273 1790 verbis,
2303 1737 2380 1782 καὶ
2410 1738 2483 1782 ἐπὶ
2514 1738 2673 1794 κτέρεα

166 1806 392 1862 κτερεΐξαι
422 1809 568 1849 πολλὰ
600 1801 716 1862 μάλ’,
747 1802 863 1848 ὅσσα
895 1806 1015 1849 ἔοικε
1037 1804 1112 1848 καὶ
1142 1801 1270 1860 ἀνέρι
1301 1805 1470 1862 μητέρα
1490 1807 1665 1862 δοῦναι,
1697 1815 1898 1865 quantum
1919 1808 2119 1850 honorum
2134 1809 2374 1863 funebrium
2406 1810 2529 1851 etiam
2558 1811 2668 1852 decet

166 1886 391 1920 matrem
424 1885 534 1919 tuam
567 1877 657 1918 viro
690 1875 779 1918 sive
810 1875 974 1933 cohiuyi
1003 1892 1077 1919 suo
1108 1877 1298 1919 tribuere.

376 1946 451 1990 Ad
482 1944 857 2002 comprobandam
888 1944 1002 1988 hane
1034 1959 1192 1988 novam
1225 1943 1280 1987 de
1319 1944 1405 1987 isto
1446 1945 1543 1989 loco
1584 1945 1832 2003 opinionem
1878 1958 2027 1990 contra
2064 1946 2322 2004 interpretes
2363 1962 2513 1990 omnes
2556 1946 2665 1991 alios

174 2018 405 2075 hucusque
436 2016 761 2059 consentientes
792 2014 900 2058 haec
932 2015 1059 2058 attuli
1090 2023 1362 2072 argumenta.
1419 2014 1618 2057 Primum
1651 2014 1742 2057 dixi
1772 2031 1856 2059 non
1888 2016 2022 2059 filium
2056 2016 2235 2068 decere,
2266 2025 2441 2061 matrem
2470 2017 2546 2060 alii
2573 2019 2665 2060 viro

170 2091 214 2129 in
244 2087 558 2129 matrimonium
592 2088 706 2136 dare,
738 2100 877 2141 neque
908 2100 934 2126 a
965 2083 1230 2127 Telemacho
1260 2084 1450 2128 affectari
1483 2084 1596 2127 hanc
1628 2093 1910 2142 potestatem,
1942 2085 2018 2128 sed
2049 2085 2310 2140 reprehendi
2341 2086 2666 2143 quodammodo

166 2170 352 2211 procos,
386 2155 503 2208 quod
535 2169 622 2197 non
664 2163 831 2210 patrem
868 2152 1059 2196 Icarium
1091 2153 1273 2204 adeant,
1315 2162 1362 2196 ut
1392 2153 1463 2196 hic
1493 2153 1625 2197 filiam
1658 2155 1727 2197 cui
1757 2155 1861 2197 velit
1890 2156 1935 2197 in
1965 2156 2288 2198 matrimonium
2318 2156 2531 2213 adiungat
2562 2155 2666 2207 (Od.

166 2225 194 2267 1.
227 2224 288 2267 11.
320 2240 359 2266 v.
393 2225 447 2267 52
471 2226 581 2277 ss.);
616 2230 765 2280 petere
794 2231 935 2265 autem
968 2236 1126 2279 procos
1158 2237 1185 2264 a
1213 2222 1301 2265 filio
1332 2226 1386 2275 (v.
1408 2224 1489 2266 113
1521 2232 1562 2266 et
1596 2225 1710 2276 128),
1743 2234 1792 2267 ut
1823 2232 2003 2267 matrem
2024 2224 2212 2267 dimittat
2232 2240 2283 2268 ac
2313 2224 2476 2268 nubere
2506 2225 2668 2277 iubeat,

165 2294 237 2337 cui
270 2302 411 2349 pater,
441 2308 527 2335 non
560 2292 631 2335 cui
661 2290 794 2343 filius,
827 2290 931 2334 velit
962 2298 1005 2334 et
1037 2290 1111 2347 qui
1143 2290 1228 2345 ipsi
1260 2291 1402 2342 matri,
1435 2307 1524 2335 non
1547 2292 1635 2335 filio
1657 2294 1840 2350 placeat,
1873 2293 2187 2351 exprobrantes
2208 2310 2378 2352 nempe,
2410 2310 2495 2338 non
2518 2295 2667 2345 filium,

167 2362 245 2406 sed
277 2371 460 2405 matrem
493 2360 576 2405 81111
608 2359 815 2404 omnibus
848 2374 970 2415 spem
1000 2360 1148 2404 facere
1178 2359 1349 2403 inanem
1381 2364 1435 2413 (v,
1458 2364 1509 2406 91
1537 2364 1630 2416 ss.).
1684 2362 1944 2407 Petentibus
1978 2364 2124 2421 procis
2157 2362 2448 2407 Telemachus
2480 2363 2525 2407 id
2548 2363 2665 2408 clara

165 2447 273 2475 voce
303 2430 529 2487 respondit
558 2430 650 2473 fieri
681 2444 767 2473 non
799 2444 951 2487 posse,
990 2439 1039 2472 ut
1079 2437 1263 2473 matrem
1294 2429 1422 2474 domo
1453 2432 1643 2475 dimittat
1673 2433 1847 2476 invitam
1881 2434 1937 2486 (v.
1972 2434 2054 2477 130
2086 2434 2189 2489 ss.);
2232 2448 2283 2477 ac
2323 2433 2483 2477 deinde
2513 2432 2660 2490 Eury-

165 2500 318 2544 111αο110
349 2500 466 2543 idem
497 2499 606 2542 illud
637 2499 835 2556 poscenti
868 2502 919 2551 (v.
938 2499 1053 2551 194),
1083 2506 1132 2542 ut
1163 2505 1345 2542 matrem
1375 2499 1488 2543 filius
1519 2500 1709 2543 dimittat
1739 2500 1782 2544 in
1814 2501 1953 2557 patris
1984 2501 2163 2546 domum
2193 2501 2345 2558 ibique
2366 2517 2392 2544 a
2411 2502 2665 2559 parentibus

164 2570 341 2629 nuptiae
372 2568 684 2621 concilientur,
728 2567 844 2612 filius
875 2566 1104 2626 respondit
1134 2566 1250 2612 hanc
1280 2568 1429 2612 matris
1460 2568 1714 2625 nuptiarum
1743 2568 2083 2614 sollicitudinem
2124 2577 2258 2615 totam
2301 2585 2347 2614 se
2386 2569 2441 2614 ad
2482 2570 2663 2614 deorum

165 2655 317 2684 curam
346 2639 524 2683 referre.
571 2637 676 2682 Jam
705 2638 802 2695 ipsa
831 2635 1035 2681 Minerva
1066 2644 1289 2689 suaserat,
1336 2645 1383 2680 ut
1413 2638 1664 2694 Penelope,
1712 2638 1750 2681 si
1792 2637 1957 2682 nubere
1988 2647 2189 2696 cuperet,
2236 2638 2280 2682 in
2316 2640 2454 2697 patris
2486 2639 2662 2683 domum

164 2717 404 2754 reverteret
434 2706 585 2764 ibique
616 2714 875 2765 pararentur
906 2706 1110 2765 nuptiae,
1149 2706 1213 2749 ita
1255 2714 1304 2749 ut
1343 2707 1386 2750 in
1417 2707 1613 2751 eiusdem
1643 2707 1842 2750 oratione
1885 2706 2113 2750 Minervae
2159 2707 2297 2751 ullum
2338 2707 2415 2750 filii
2446 2708 2500 2751 de
2531 2716 2666 2750 matre

165 2781 396 2826 arbitrium
427 2778 560 2822 statui
592 2791 678 2820 non
708 2777 837 2820 liceat
868 2776 916 2831 (Ι.
948 2792 987 2820 v.
1015 2777 1101 2821 275
1134 2778 1230 2831 88.).
1271 2776 1485 2821 Liberum
1516 2786 1669 2821 contra
1699 2776 1980 2834 aliquomodo
2011 2776 2163 2821 matris
2193 2778 2335 2836 ipsius
2368 2776 2593 2819 arbitrium
2626 2785 2668 2820 et

163 2871 189 2897 a
217 2852 306 2896 filio
336 2859 381 2895 et
412 2865 438 2893 a
468 2849 615 2907 procis
648 2849 773 2891 matri
804 2863 1059 2891 concessum
1091 2863 1145 2892 ex
1175 2848 1378 2904 plurimis
1416 2848 1527 2892 locis
1568 2847 1694 2904 plane
1734 2856 1915 2906 apparet
1956 2847 2048 2900 (lib.
2077 2848 2115 2891 I.
2146 2864 2185 2891 v.
2217 2850 2327 2899 249,
2366 2846 2494 2890 XVI.
2525 2863 2568 2889 v.
2601 2850 2667 2891 33.

164 2926 219 2967 73
238 2923 414 2974 ss.,125
433 2936 507 2970 ss.,
538 2917 718 2961 XVIII.
750 2933 791 2959 v.
823 2919 906 2960 269
937 2921 1002 2970 8.),
1032 2932 1178 2973 neque
1210 2917 1473 2960 contrarium
1506 2925 1586 2967 est,
1619 2917 1737 2971 quod
1768 2917 1987 2973 Penelope
2009 2918 2115 2961 dicit
2140 2917 2238 2974 (lib.
2255 2916 2390 2959 XIX.
2405 2934 2443 2959 v.
2472 2918 2557 2961 530
2583 2922 2667 2967 ss),

163 3003 324 3043 „antea
354 3006 432 3049 per
462 2989 696 3032 iuvenilem
726 2987 802 3029 filii
836 2989 903 3030 sui
934 2996 1121 3030 aetatem
1151 2987 1317 3030 nubere
1348 3002 1396 3030 ac
1426 2987 1607 3030 domum
1636 2986 1882 3042 relinquere
1913 2986 1996 3029 sibi
2018 3002 2107 3029 non
2130 2987 2324 3036 licuisse,
2354 3002 2470 3030 nunc
2489 3002 2592 3030 vero
2613 2985 2668 3028 ab

166 3060 317 3104 adulto
346 3060 432 3102 iam
462 3058 554 3102 filio
586 3072 633 3101 se
660 3058 853 3113 precibus
883 3057 1082 3114 fatigari,
1124 3065 1173 3100 ut
1204 3055 1353 3100 redeat
1382 3056 1425 3099 in
1456 3054 1593 3113 patris
1624 3054 1826 3107 domum,
1867 3071 1922 3099 ne
1954 3071 1980 3098 a
2016 3055 2161 3112 procis
2197 3055 2342 3099 omnia
2380 3054 2667 3112 perdantur“,

164 3131 242 3174 sed
275 3128 554 3172 confirmatur
583 3127 715 3170 etiam
749 3126 816 3169 his
850 3125 994 3170 verbis
1024 3125 1214 3170 liberum
1244 3126 1386 3183 ipsius
1416 3124 1569 3169 matris
1600 3124 1655 3169 de
1686 3122 1780 3168 suis
1809 3124 1974 3180 nuptiis
1996 3123 2239 3168 arbitrium.
2268 3124 2478 3168 Parentes
2495 3122 2668 3178 quidem

164 3201 358 3259 reginae,
388 3213 476 3241 11011
507 3197 640 3249 filius,
673 3197 850 3255 nuptias
883 3195 1086 3248 suadent,
1120 3194 1238 3239 filius
1284 3194 1538 3253 indignatur
1580 3195 1903 3247 tantummodo,
1941 3194 2061 3252 quod
2105 3194 2226 3252 proci
2257 3194 2434 3238 divitias
2466 3192 2665 3251 perdant,

164 3282 204 3315 et
236 3278 378 3313 mater
406 3266 545 3310 filium
576 3267 682 3310 dicit
712 3266 798 3310 iam
831 3266 939 3310 satis
972 3274 1117 3310 aetate
1146 3275 1404 3322 provectum
1434 3279 1545 3316 esse,
1577 3272 1626 3307 ut
1656 3279 1736 3321 par
1765 3265 1822 3308 sit
1850 3265 1913 3308 rei
1943 3263 2148 3308 familiari
2179 3262 2579 3312 administrandae3
2613 3261 2667 3305 de

165 3339 307 3383 suasis
340 3354 367 3381 a
395 3337 486 3382 filio
517 3337 680 3394 nuptiis
712 3336 835 3381 nulla
865 3336 914 3379 fit
945 3334 1110 3379 mentio
1142 3333 1235 3385 (lib.
1267 3333 1403 3378 XIX.
1436 3350 1476 3378 v.
1512 3335 1595 3378 158
1626 3334 1716 3390 ss.).
1760 3332 1894 3388 Quod
1925 3333 2112 3389 denique
2134 3332 2206 3376 lib.
2223 3332 2335 3376 XX.
2353 3348 2393 3375 v.
2412 3332 2509 3376 341.
2541 3330 2667 3375 Tele-

164 3408 347 3454 machus
380 3407 502 3459 dicit,
535 3402 678 3459 ,,ἀλλ.ἀ
709 3403 882 3451 κελεύω
911 3399 1124 3463 γήμασθ’,
1156 3395 1194 3462 ᾦ
1225 3400 1261 3448 κ’
1294 3398 1477 3462 ἑθέλῃ“,
1517 3419 1618 3448 011111
1655 3419 1741 3447 11011
1773 3404 1932 3453 iubere,
1970 3417 2110 3458 neque
2138 3398 2268 3457 ἀνέρι
2298 3400 2467 3459 μητέρα
2488 3401 2665 3451 δοῦναι,

162 3479 238 3523 8οᾶ
270 3478 464 3523 modeste
497 3476 682 3521 suadere
713 3476 781 3521 his
813 3474 1020 3528 vocibus,
1052 3474 1097 3518 id
1129 3475 1234 3518 satis
1267 3473 1510 3526 declarant,
1555 3488 1667 3530 quae
1689 3484 1936 3531 sequuntur
1960 3488 1998 3516 v.
2021 3473 2120 3524 343,
2151 3471 2351 3529 αἰδέομαι
2381 3467 2422 3515 δ’
2444 3466 2670 3515 ἀέκουσαν
