<?xml version="1.0" encoding="UTF-8"?>
<!DOCTYPE html PUBLIC "-//W3C//DTD XHTML 1.0 Transitional//EN"
    "http://www.w3.org/TR/xhtml1/DTD/xhtml1-transitional.dtd">
<html xmlns="http://www.w3.org/1999/xhtml" xml:lang="en" lang="en">
 <head>
  <title>
</title>
<meta http-equiv="Content-Type" content="text/html;charset=utf-8" />
  <meta name='ocr-system' content='tesseract 3.04.00' />
  <meta name='ocr-capabilities' content='ocr_page ocr_carea ocr_par ocr_line ocrx_word'/>
</head>
<body>
  <div class='ocr_page' id='page_1' title='image "4775046_0012.png"; bbox 0 0 2853 3720; ppageno 0'>
   <div class='ocr_carea' id='block_1_1' title="bbox 1404 94 1458 136">
    <p class='ocr_par' dir='ltr' id='par_1_1' title="bbox 1404 94 1458 136">
     <span class='ocr_line' id='line_1_1' title="bbox 1404 94 1458 136; baseline 0 0"><span class='ocrx_word' id='word_1_1' title='bbox 1404 94 1458 136; x_wconf 81' lang='lat'><strong>16</strong></span> 
     </span>
    </p>
   </div>
   <div class='ocr_carea' id='block_1_2' title="bbox 1290 155 1559 162">
    <p class='ocr_par' dir='ltr' id='par_1_2' title="bbox 1290 155 1559 162">
     <span class='ocr_line' id='line_1_2' title="bbox 1290 155 1559 162; baseline 0 3558"><span class='ocrx_word' id='word_1_2' title='bbox 1290 155 1559 162; x_wconf 95' lang='lat' dir='ltr'><strong> </strong></span> 
     </span>
    </p>
   </div>
   <div class='ocr_carea' id='block_1_3' title="bbox 1380 239 1485 294">
    <p class='ocr_par' dir='ltr' id='par_1_3' title="bbox 1380 239 1485 294">
     <span class='ocr_line' id='line_1_3' title="bbox 1380 239 1485 294; baseline -0.01 -12"><span class='ocrx_word' id='word_1_3' title='bbox 1380 241 1414 294; x_wconf 67' lang='grc' dir='ltr'><strong>ς.</strong></span> <span class='ocrx_word' id='word_1_4' title='bbox 1448 239 1485 283; x_wconf 87' lang='lat'><strong>3.</strong></span> 
     </span>
    </p>
   </div>
   <div class='ocr_carea' id='block_1_4' title="bbox 161 337 2667 2684">
    <p class='ocr_par' dir='ltr' id='par_1_4' title="bbox 169 337 2667 1096">
     <span class='ocr_line' id='line_1_4' title="bbox 385 337 2660 400; baseline -0 -15"><span class='ocrx_word' id='word_1_5' title='bbox 385 340 817 400; x_wconf 79' lang='grc' dir='ltr'><strong>Θερσίτης-φολκός,</strong></span> <span class='ocrx_word' id='word_1_6' title='bbox 853 339 998 399; x_wconf 82' lang='grc' dir='ltr'><strong><em>χωλὸς</em></strong></span> <span class='ocrx_word' id='word_1_7' title='bbox 1026 338 1067 386; x_wconf 82' lang='grc' dir='ltr'><strong>δ’</strong></span> <span class='ocrx_word' id='word_1_8' title='bbox 1098 340 1255 397; x_wconf 77' lang='grc' dir='ltr'><strong><em>ἕτερον</em></strong></span> <span class='ocrx_word' id='word_1_9' title='bbox 1286 339 1422 396; x_wconf 77' lang='grc' dir='ltr'><em>πόδα,</em></span> <span class='ocrx_word' id='word_1_10' title='bbox 1453 341 1504 385; x_wconf 87' lang='lat'><strong>11.</strong></span> <span class='ocrx_word' id='word_1_11' title='bbox 1534 340 1594 386; x_wconf 90' lang='grc' dir='ltr'><strong>ΙΙ.</strong></span> <span class='ocrx_word' id='word_1_12' title='bbox 1626 342 1722 387; x_wconf 83' lang='grc'><strong>217.</strong></span> <span class='ocrx_word' id='word_1_13' title='bbox 1759 339 1904 385; x_wconf 87' lang='lat' dir='ltr'><strong>Etiam</strong></span> <span class='ocrx_word' id='word_1_14' title='bbox 1936 339 1991 385; x_wconf 89' lang='lat' dir='ltr'><strong>de</strong></span> <span class='ocrx_word' id='word_1_15' title='bbox 2021 339 2065 385; x_wconf 87' lang='lat' dir='ltr'><strong>vi</strong></span> <span class='ocrx_word' id='word_1_16' title='bbox 2097 348 2141 385; x_wconf 89' lang='lat' dir='ltr'><strong>et</strong></span> <span class='ocrx_word' id='word_1_17' title='bbox 2160 339 2327 400; x_wconf 81' lang='lat' dir='ltr'><strong>origine</strong></span> <span class='ocrx_word' id='word_1_18' title='bbox 2347 340 2470 386; x_wconf 85' lang='lat' dir='ltr'><strong>vocis</strong></span> <span class='ocrx_word' id='word_1_19' title='bbox 2491 337 2660 397; x_wconf 82' lang='grc' dir='ltr'><strong><em>φολκός</em></strong></span> 
     </span>
     <span class='ocr_line' id='line_1_5' title="bbox 175 409 2662 471; baseline -0 -17"><span class='ocrx_word' id='word_1_20' title='bbox 175 424 264 455; x_wconf 87' lang='lat' dir='ltr'><strong>tam</strong></span> <span class='ocrx_word' id='word_1_21' title='bbox 296 429 453 471; x_wconf 89' lang='lat' dir='ltr'><strong>parum</strong></span> <span class='ocrx_word' id='word_1_22' title='bbox 483 413 597 455; x_wconf 87' lang='lat' dir='ltr'><strong>inter</strong></span> <span class='ocrx_word' id='word_1_23' title='bbox 616 412 922 471; x_wconf 77' lang='lat' dir='ltr'><strong>grammaticos</strong></span> <span class='ocrx_word' id='word_1_24' title='bbox 944 419 1129 463; x_wconf 87' lang='lat' dir='ltr'><strong>constat,</strong></span> <span class='ocrx_word' id='word_1_25' title='bbox 1160 420 1208 455; x_wconf 89' lang='lat' dir='ltr'><strong>ut</strong></span> <span class='ocrx_word' id='word_1_26' title='bbox 1234 427 1419 469; x_wconf 90' lang='lat' dir='ltr'><strong>quorum</strong></span> <span class='ocrx_word' id='word_1_27' title='bbox 1441 410 1496 456; x_wconf 91' lang='lat' dir='ltr'><strong>de</strong></span> <span class='ocrx_word' id='word_1_28' title='bbox 1520 420 1704 469; x_wconf 88' lang='lat' dir='ltr'><strong>utraque</strong></span> <span class='ocrx_word' id='word_1_29' title='bbox 1723 427 1770 455; x_wconf 83' lang='lat' dir='ltr'><strong>re</strong></span> <span class='ocrx_word' id='word_1_30' title='bbox 1792 410 1937 469; x_wconf 89' lang='lat' dir='ltr'><strong>opinio</strong></span> <span class='ocrx_word' id='word_1_31' title='bbox 1966 409 2121 455; x_wconf 90' lang='lat' dir='ltr'><strong>ceteris</strong></span> <span class='ocrx_word' id='word_1_32' title='bbox 2144 409 2416 466; x_wconf 78' lang='lat' dir='ltr'>probabilior</span> <span class='ocrx_word' id='word_1_33' title='bbox 2444 411 2662 460; x_wconf 88' lang='lat' dir='ltr'><strong>videatur,</strong></span> 
     </span>
     <span class='ocr_line' id='line_1_6' title="bbox 177 478 2665 540; baseline -0.002 -14"><span class='ocrx_word' id='word_1_34' title='bbox 177 482 333 526; x_wconf 89' lang='lat' dir='ltr'><strong>merito</strong></span> <span class='ocrx_word' id='word_1_35' title='bbox 364 481 635 526; x_wconf 86' lang='lat' dir='ltr'><strong>dubitemus.</strong></span> <span class='ocrx_word' id='word_1_36' title='bbox 695 480 790 524; x_wconf 88' lang='lat' dir='ltr'><strong>Alii</strong></span> <span class='ocrx_word' id='word_1_37' title='bbox 830 480 984 524; x_wconf 88' lang='lat' dir='ltr'><strong>dicunt</strong></span> <span class='ocrx_word' id='word_1_38' title='bbox 1024 497 1051 524; x_wconf 89' lang='lat' dir='ltr'><strong>a</strong></span> <span class='ocrx_word' id='word_1_39' title='bbox 1091 481 1280 537; x_wconf 82' lang='lat' dir='ltr'><strong>simplici</strong></span> <span class='ocrx_word' id='word_1_40' title='bbox 1317 479 1451 524; x_wconf 89' lang='lat' dir='ltr'><strong>verbo</strong></span> <span class='ocrx_word' id='word_1_41' title='bbox 1492 478 1645 525; x_wconf 79' lang='grc' dir='ltr'><strong><em>ἕλκειν</em></strong></span> <span class='ocrx_word' id='word_1_42' title='bbox 1680 489 1820 525; x_wconf 91' lang='lat' dir='ltr'><strong>ortam</strong></span> <span class='ocrx_word' id='word_1_43' title='bbox 1859 496 1956 525; x_wconf 91' lang='lat' dir='ltr'><strong>esse</strong></span> <span class='ocrx_word' id='word_1_44' title='bbox 1996 479 2111 524; x_wconf 90' lang='lat' dir='ltr'><strong>hanc</strong></span> <span class='ocrx_word' id='word_1_45' title='bbox 2149 494 2300 524; x_wconf 88' lang='lat' dir='ltr'><strong>vocem</strong></span> <span class='ocrx_word' id='word_1_46' title='bbox 2339 488 2384 526; x_wconf 90' lang='lat' dir='ltr'><strong>et</strong></span> <span class='ocrx_word' id='word_1_47' title='bbox 2420 479 2665 540; x_wconf 87' lang='lat' dir='ltr'><strong>significare</strong></span> 
     </span>
     <span class='ocr_line' id='line_1_7' title="bbox 176 548 2667 612; baseline 0 -18"><span class='ocrx_word' id='word_1_48' title='bbox 176 554 392 596; x_wconf 79' lang='lat' dir='ltr'><strong>oculo-rum</strong></span> <span class='ocrx_word' id='word_1_49' title='bbox 418 553 752 612; x_wconf 77' lang='lat' dir='ltr'><strong>perversitatem,</strong></span> <span class='ocrx_word' id='word_1_50' title='bbox 782 548 963 607; x_wconf 78' lang='grc' dir='ltr'><strong><em>φολκόν</em></strong></span> <span class='ocrx_word' id='word_1_51' title='bbox 993 551 1130 610; x_wconf 87' lang='lat' dir='ltr'><strong>igitur</strong></span> <span class='ocrx_word' id='word_1_52' title='bbox 1161 568 1258 596; x_wconf 89' lang='lat' dir='ltr'><strong>esse</strong></span> <span class='ocrx_word' id='word_1_53' title='bbox 1288 551 1508 596; x_wconf 90' lang='lat' dir='ltr'><strong>hominem</strong></span> <span class='ocrx_word' id='word_1_54' title='bbox 1540 551 1617 605; x_wconf 89' lang='lat' dir='ltr'><strong>(sit</strong></span> <span class='ocrx_word' id='word_1_55' title='bbox 1646 551 1773 596; x_wconf 90' lang='lat' dir='ltr'><strong>venia</strong></span> <span class='ocrx_word' id='word_1_56' title='bbox 1792 550 1976 609; x_wconf 84' lang='lat' dir='ltr'><strong>verbisl)</strong></span> <span class='ocrx_word' id='word_1_57' title='bbox 2007 550 2142 596; x_wconf 76' lang='lat' dir='ltr'><strong>oculos</strong></span> <span class='ocrx_word' id='word_1_58' title='bbox 2162 549 2400 603; x_wconf 71' lang='lat' dir='ltr'><strong><em>trahentem,</em></strong></span> <span class='ocrx_word' id='word_1_59' title='bbox 2421 551 2643 596; x_wconf 80' lang='lat' dir='ltr'><strong>volventem</strong></span> <span class='ocrx_word' id='word_1_60' title='bbox 2653 567 2667 602; x_wconf 91' lang='lat'><strong>,·</strong></span> 
     </span>
     <span class='ocr_line' id='line_1_8' title="bbox 174 620 2665 680; baseline -0.001 -15"><span class='ocrx_word' id='word_1_61' title='bbox 174 622 246 665; x_wconf 88' lang='lat' dir='ltr'><strong>alii</strong></span> <span class='ocrx_word' id='word_1_62' title='bbox 277 621 493 680; x_wconf 86' lang='lat' dir='ltr'><strong>originem</strong></span> <span class='ocrx_word' id='word_1_63' title='bbox 525 628 725 664; x_wconf 90' lang='lat' dir='ltr'><strong>statuunt</strong></span> <span class='ocrx_word' id='word_1_64' title='bbox 755 620 954 672; x_wconf 86' lang='lat' dir='ltr'><strong>eandem,</strong></span> <span class='ocrx_word' id='word_1_65' title='bbox 986 621 1061 665; x_wconf 94' lang='lat' dir='ltr'><strong>sed</strong></span> <span class='ocrx_word' id='word_1_66' title='bbox 1094 620 1313 665; x_wconf 89' lang='lat' dir='ltr'><strong>hominem</strong></span> <span class='ocrx_word' id='word_1_67' title='bbox 1345 620 1497 664; x_wconf 84' lang='lat' dir='ltr'><strong>dicunt</strong></span> <span class='ocrx_word' id='word_1_68' title='bbox 1527 635 1622 664; x_wconf 89' lang='lat' dir='ltr'><strong>esse</strong></span> <span class='ocrx_word' id='word_1_69' title='bbox 1651 622 1841 679; x_wconf 75' lang='lat' dir='ltr'><strong>valqum,</strong></span> <span class='ocrx_word' id='word_1_70' title='bbox 1886 622 2008 679; x_wconf 81' lang='lat' dir='ltr'><strong>pedes</strong></span> <span class='ocrx_word' id='word_1_71' title='bbox 2038 620 2283 671; x_wconf 73' lang='lat' dir='ltr'><strong><em>trahentem,</em></strong></span> <span class='ocrx_word' id='word_1_72' title='bbox 2316 621 2507 664; x_wconf 66' lang='lat' dir='ltr'><strong>eruo-ibus</strong></span> <span class='ocrx_word' id='word_1_73' title='bbox 2535 620 2665 678; x_wconf 64' lang='lat' dir='ltr'><strong>valgis</strong></span> 
     </span>
     <span class='ocr_line' id='line_1_9' title="bbox 172 689 2666 749; baseline -0.001 -15"><span class='ocrx_word' id='word_1_74' title='bbox 172 701 377 742; x_wconf 79' lang='lat' dir='ltr'><strong>utentem;</strong></span> <span class='ocrx_word' id='word_1_75' title='bbox 409 692 484 734; x_wconf 88' lang='lat' dir='ltr'><strong>alii</strong></span> <span class='ocrx_word' id='word_1_76' title='bbox 501 691 692 747; x_wconf 89' lang='lat' dir='ltr'><strong>denique</strong></span> <span class='ocrx_word' id='word_1_77' title='bbox 712 691 903 745; x_wconf 86' lang='lat' dir='ltr'><strong>priorem</strong></span> <span class='ocrx_word' id='word_1_78' title='bbox 924 691 1046 734; x_wconf 91' lang='lat' dir='ltr'><strong>illam</strong></span> <span class='ocrx_word' id='word_1_79' title='bbox 1068 700 1262 734; x_wconf 87' lang='lat' dir='ltr'><strong>statuunt</strong></span> <span class='ocrx_word' id='word_1_80' title='bbox 1284 690 1516 741; x_wconf 89' lang='lat' dir='ltr'><strong>notionem,</strong></span> <span class='ocrx_word' id='word_1_81' title='bbox 1537 689 1688 735; x_wconf 90' lang='lat' dir='ltr'><strong>dicunt</strong></span> <span class='ocrx_word' id='word_1_82' title='bbox 1710 700 1856 736; x_wconf 87' lang='lat' dir='ltr'><strong>autem</strong></span> <span class='ocrx_word' id='word_1_83' title='bbox 1877 690 2167 749; x_wconf 89' lang='lat' dir='ltr'><strong>compositum</strong></span> <span class='ocrx_word' id='word_1_84' title='bbox 2182 703 2276 735; x_wconf 91' lang='lat' dir='ltr'><strong>esse</strong></span> <span class='ocrx_word' id='word_1_85' title='bbox 2292 689 2376 734; x_wconf 93' lang='lat' dir='ltr'><strong>hoc</strong></span> <span class='ocrx_word' id='word_1_86' title='bbox 2403 689 2666 734; x_wconf 87' lang='lat' dir='ltr'><strong>adiectivum</strong></span> 
     </span>
     <span class='ocr_line' id='line_1_10' title="bbox 174 758 2665 817; baseline -0.001 -14"><span class='ocrx_word' id='word_1_87' title='bbox 174 776 228 803; x_wconf 88' lang='lat' dir='ltr'><strong>ex</strong></span> <span class='ocrx_word' id='word_1_88' title='bbox 258 775 369 804; x_wconf 88' lang='lat' dir='ltr'><strong>voce</strong></span> <span class='ocrx_word' id='word_1_89' title='bbox 400 758 519 815; x_wconf 75' lang='grc' dir='ltr'><strong><em>φάος</em></strong></span> <span class='ocrx_word' id='word_1_90' title='bbox 540 785 598 791; x_wconf 92' lang='grc'>-</span> <span class='ocrx_word' id='word_1_91' title='bbox 619 762 720 815; x_wconf 75' lang='grc' dir='ltr'><strong>φῶς</strong></span> <span class='ocrx_word' id='word_1_92' title='bbox 751 783 806 790; x_wconf 89' lang='grc'>-</span> <span class='ocrx_word' id='word_1_93' title='bbox 829 768 872 802; x_wconf 90' lang='lat' dir='ltr'><strong>et</strong></span> <span class='ocrx_word' id='word_1_94' title='bbox 902 759 1038 803; x_wconf 87' lang='lat' dir='ltr'><strong>verbo</strong></span> <span class='ocrx_word' id='word_1_95' title='bbox 1070 759 1234 804; x_wconf 81' lang='grc' dir='ltr'><strong><em>ἕλκειν.</em></strong></span> <span class='ocrx_word' id='word_1_96' title='bbox 1285 759 1423 811; x_wconf 89' lang='lat' dir='ltr'><strong>Vide,</strong></span> <span class='ocrx_word' id='word_1_97' title='bbox 1457 773 1569 813; x_wconf 89' lang='lat' dir='ltr'><strong>quae</strong></span> <span class='ocrx_word' id='word_1_98' title='bbox 1599 775 1626 803; x_wconf 90' lang='lat' dir='ltr'><strong>a</strong></span> <span class='ocrx_word' id='word_1_99' title='bbox 1657 760 1929 804; x_wconf 90' lang='lat' dir='ltr'><strong>Buttmanno</strong></span> <span class='ocrx_word' id='word_1_100' title='bbox 1958 760 2003 803; x_wconf 88' lang='lat' dir='ltr'><strong>in</strong></span> <span class='ocrx_word' id='word_1_101' title='bbox 2032 759 2223 817; x_wconf 89' lang='lat' dir='ltr'><strong>lexilogo</strong></span> <span class='ocrx_word' id='word_1_102' title='bbox 2255 760 2289 815; x_wconf 86' lang='lat'><strong>§.</strong></span> <span class='ocrx_word' id='word_1_103' title='bbox 2321 761 2375 803; x_wconf 83' lang='lat'><strong>59</strong></span> <span class='ocrx_word' id='word_1_104' title='bbox 2405 765 2448 802; x_wconf 91' lang='lat' dir='ltr'><strong>et</strong></span> <span class='ocrx_word' id='word_1_105' title='bbox 2477 773 2590 814; x_wconf 91' lang='lat' dir='ltr'><strong>quae</strong></span> <span class='ocrx_word' id='word_1_106' title='bbox 2620 758 2665 801; x_wconf 92' lang='lat' dir='ltr'><strong>in</strong></span> 
     </span>
     <span class='ocr_line' id='line_1_11' title="bbox 173 827 2665 887; baseline -0.001 -15"><span class='ocrx_word' id='word_1_107' title='bbox 173 830 328 874; x_wconf 84' lang='lat' dir='ltr'><strong>lexicis</strong></span> <span class='ocrx_word' id='word_1_108' title='bbox 358 829 442 873; x_wconf 89' lang='lat' dir='ltr'><strong>hac</strong></span> <span class='ocrx_word' id='word_1_109' title='bbox 474 830 527 872; x_wconf 93' lang='lat' dir='ltr'><strong>de</strong></span> <span class='ocrx_word' id='word_1_110' title='bbox 558 844 605 872; x_wconf 91' lang='lat' dir='ltr'><strong>re</strong></span> <span class='ocrx_word' id='word_1_111' title='bbox 637 829 863 887; x_wconf 89' lang='lat' dir='ltr'><strong>disputata</strong></span> <span class='ocrx_word' id='word_1_112' title='bbox 894 838 1011 872; x_wconf 90' lang='lat' dir='ltr'><strong>sunt.</strong></span> <span class='ocrx_word' id='word_1_113' title='bbox 1059 829 1277 887; x_wconf 87' lang='lat' dir='ltr'><strong>Equidem</strong></span> <span class='ocrx_word' id='word_1_114' title='bbox 1308 829 1351 872; x_wconf 91' lang='lat' dir='ltr'><strong>in</strong></span> <span class='ocrx_word' id='word_1_115' title='bbox 1383 835 1507 872; x_wconf 87' lang='lat' dir='ltr'><strong>tanta</strong></span> <span class='ocrx_word' id='word_1_116' title='bbox 1535 828 1793 886; x_wconf 89' lang='lat' dir='ltr'><strong>opinionum</strong></span> <span class='ocrx_word' id='word_1_117' title='bbox 1822 829 2075 874; x_wconf 84' lang='lat' dir='ltr'><strong>diversitate</strong></span> <span class='ocrx_word' id='word_1_118' title='bbox 2105 837 2275 873; x_wconf 82' lang='lat' dir='ltr'><strong>tantum</strong></span> <span class='ocrx_word' id='word_1_119' title='bbox 2306 827 2449 880; x_wconf 89' lang='lat' dir='ltr'><strong>abest,</strong></span> <span class='ocrx_word' id='word_1_120' title='bbox 2481 835 2530 871; x_wconf 92' lang='lat' dir='ltr'><strong>ut</strong></span> <span class='ocrx_word' id='word_1_121' title='bbox 2560 828 2665 872; x_wconf 89' lang='lat' dir='ltr'><strong>certi</strong></span> 
     </span>
     <span class='ocr_line' id='line_1_12' title="bbox 173 896 2665 957; baseline -0.001 -14"><span class='ocrx_word' id='word_1_122' title='bbox 173 900 417 955; x_wconf 83' lang='lat' dir='ltr'><strong>quidquam</strong></span> <span class='ocrx_word' id='word_1_123' title='bbox 448 900 504 943; x_wconf 92' lang='lat' dir='ltr'><strong>de</strong></span> <span class='ocrx_word' id='word_1_124' title='bbox 535 899 589 942; x_wconf 90' lang='lat' dir='ltr'><strong>iis</strong></span> <span class='ocrx_word' id='word_1_125' title='bbox 622 899 729 942; x_wconf 90' lang='lat' dir='ltr'><strong>mihi</strong></span> <span class='ocrx_word' id='word_1_126' title='bbox 760 899 913 944; x_wconf 89' lang='lat' dir='ltr'><strong>videar</strong></span> <span class='ocrx_word' id='word_1_127' title='bbox 943 906 1134 943; x_wconf 76' lang='lat' dir='ltr'><strong>statuere</strong></span> <span class='ocrx_word' id='word_1_128' title='bbox 1163 914 1317 957; x_wconf 91' lang='lat' dir='ltr'><strong>posse,</strong></span> <span class='ocrx_word' id='word_1_129' title='bbox 1357 907 1405 942; x_wconf 84' lang='lat' dir='ltr'><strong>ut</strong></span> <span class='ocrx_word' id='word_1_130' title='bbox 1438 898 1557 955; x_wconf 93' lang='lat' dir='ltr'><strong>quod</strong></span> <span class='ocrx_word' id='word_1_131' title='bbox 1595 899 1694 956; x_wconf 89' lang='lat' dir='ltr'><strong>ipsa</strong></span> <span class='ocrx_word' id='word_1_132' title='bbox 1732 898 1819 944; x_wconf 85' lang='lat' dir='ltr'><strong>loci</strong></span> <span class='ocrx_word' id='word_1_133' title='bbox 1859 899 1997 944; x_wconf 82' lang='lat' dir='ltr'><strong>nostri</strong></span> <span class='ocrx_word' id='word_1_134' title='bbox 2036 898 2252 950; x_wconf 82' lang='lat' dir='ltr'><strong>conditio,</strong></span> <span class='ocrx_word' id='word_1_135' title='bbox 2291 898 2387 955; x_wconf 87' lang='lat' dir='ltr'><strong>ipsa</strong></span> <span class='ocrx_word' id='word_1_136' title='bbox 2428 896 2665 955; x_wconf 82' lang='lat' dir='ltr'><strong>descriptio</strong></span> 
     </span>
     <span class='ocr_line' id='line_1_13' title="bbox 170 965 2665 1028; baseline -0.002 -15"><span class='ocrx_word' id='word_1_137' title='bbox 170 969 433 1021; x_wconf 76' lang='lat' dir='ltr'><strong>foedissimi,</strong></span> <span class='ocrx_word' id='word_1_138' title='bbox 465 968 736 1026; x_wconf 87' lang='lat' dir='ltr'><strong>turpissimi,</strong></span> <span class='ocrx_word' id='word_1_139' title='bbox 766 968 1070 1024; x_wconf 80' lang='lat' dir='ltr'><strong>procacissimi</strong></span> <span class='ocrx_word' id='word_1_140' title='bbox 1101 967 1303 1019; x_wconf 92' lang='lat' dir='ltr'><strong>hominis,</strong></span> <span class='ocrx_word' id='word_1_141' title='bbox 1341 968 1547 1013; x_wconf 77' lang='lat' dir='ltr'><strong>Thersitae</strong></span> <span class='ocrx_word' id='word_1_142' title='bbox 1578 972 1621 1020; x_wconf 91' lang='lat' dir='ltr'><strong>(a</strong></span> <span class='ocrx_word' id='word_1_143' title='bbox 1650 965 1851 1025; x_wconf 77' lang='grc' dir='ltr'><strong>θάρσος,</strong></span> <span class='ocrx_word' id='word_1_144' title='bbox 1882 967 2097 1026; x_wconf 77' lang='grc' dir='ltr'><strong>θράσος),</strong></span> <span class='ocrx_word' id='word_1_145' title='bbox 2128 967 2347 1028; x_wconf 88' lang='lat' dir='ltr'><strong>postulare</strong></span> <span class='ocrx_word' id='word_1_146' title='bbox 2376 967 2589 1018; x_wconf 86' lang='lat' dir='ltr'><strong>videatur,</strong></span> <span class='ocrx_word' id='word_1_147' title='bbox 2618 966 2665 1008; x_wconf 92' lang='lat' dir='ltr'><strong>id</strong></span> 
     </span>
     <span class='ocr_line' id='line_1_14' title="bbox 169 1039 987 1096; baseline 0 -14"><span class='ocrx_word' id='word_1_148' title='bbox 169 1039 300 1083; x_wconf 92' lang='lat' dir='ltr'><strong>modo</strong></span> <span class='ocrx_word' id='word_1_149' title='bbox 331 1040 487 1082; x_wconf 85' lang='lat' dir='ltr'><strong>afferre</strong></span> <span class='ocrx_word' id='word_1_150' title='bbox 518 1054 650 1082; x_wconf 92' lang='lat' dir='ltr'><strong>coner</strong></span> <span class='ocrx_word' id='word_1_151' title='bbox 679 1047 722 1081; x_wconf 92' lang='lat' dir='ltr'><strong>et</strong></span> <span class='ocrx_word' id='word_1_152' title='bbox 753 1039 987 1096; x_wconf 87' lang='lat' dir='ltr'><strong>explicare.</strong></span> 
     </span>
    </p>

    <p class='ocr_par' dir='ltr' id='par_1_5' title="bbox 161 1105 2666 2684">
     <span class='ocr_line' id='line_1_15' title="bbox 378 1105 2663 1166; baseline -0.001 -15"><span class='ocrx_word' id='word_1_153' title='bbox 378 1108 431 1160; x_wconf 91' lang='lat' dir='ltr'><strong>Ii,</strong></span> <span class='ocrx_word' id='word_1_154' title='bbox 463 1109 538 1166; x_wconf 92' lang='lat' dir='ltr'><strong>qui</strong></span> <span class='ocrx_word' id='word_1_155' title='bbox 570 1124 722 1152; x_wconf 91' lang='lat' dir='ltr'><strong>vocem</strong></span> <span class='ocrx_word' id='word_1_156' title='bbox 753 1106 928 1164; x_wconf 81' lang='grc' dir='ltr'><strong><em>φολκός</em></strong></span> <span class='ocrx_word' id='word_1_157' title='bbox 960 1108 1015 1152; x_wconf 83' lang='grc'><strong>(10</strong></span> <span class='ocrx_word' id='word_1_158' title='bbox 1043 1107 1231 1164; x_wconf 88' lang='lat' dir='ltr'><strong>pedibus</strong></span> <span class='ocrx_word' id='word_1_159' title='bbox 1263 1108 1423 1152; x_wconf 90' lang='lat' dir='ltr'><strong>dictam</strong></span> <span class='ocrx_word' id='word_1_160' title='bbox 1453 1107 1707 1165; x_wconf 85' lang='lat' dir='ltr'><strong>opinantur,</strong></span> <span class='ocrx_word' id='word_1_161' title='bbox 1739 1116 1916 1166; x_wconf 90' lang='lat' dir='ltr'><strong>poetam</strong></span> <span class='ocrx_word' id='word_1_162' title='bbox 1947 1107 2101 1152; x_wconf 91' lang='lat' dir='ltr'><strong>dicunt</strong></span> <span class='ocrx_word' id='word_1_163' title='bbox 2130 1108 2174 1151; x_wconf 87' lang='lat' dir='ltr'><strong>in</strong></span> <span class='ocrx_word' id='word_1_164' title='bbox 2206 1105 2493 1151; x_wconf 88' lang='lat' dir='ltr'><strong>describendo</strong></span> <span class='ocrx_word' id='word_1_165' title='bbox 2523 1105 2663 1149; x_wconf 89' lang='lat' dir='ltr'><strong>Ther-</strong></span> 
     </span>
     <span class='ocr_line' id='line_1_16' title="bbox 171 1175 2661 1235; baseline -0.001 -13"><span class='ocrx_word' id='word_1_166' title='bbox 171 1180 252 1222; x_wconf 85' lang='lat' dir='ltr'><strong>site</strong></span> <span class='ocrx_word' id='word_1_167' title='bbox 282 1179 447 1222; x_wconf 90' lang='lat' dir='ltr'><strong>iustum</strong></span> <span class='ocrx_word' id='word_1_168' title='bbox 479 1177 678 1223; x_wconf 89' lang='lat' dir='ltr'><strong>ordinem</strong></span> <span class='ocrx_word' id='word_1_169' title='bbox 710 1177 838 1235; x_wconf 91' lang='lat' dir='ltr'><strong>sequi</strong></span> <span class='ocrx_word' id='word_1_170' title='bbox 870 1177 1178 1233; x_wconf 87' lang='lat' dir='ltr'><strong>procedentem</strong></span> <span class='ocrx_word' id='word_1_171' title='bbox 1209 1193 1234 1221; x_wconf 90' lang='lat' dir='ltr'><strong>a</strong></span> <span class='ocrx_word' id='word_1_172' title='bbox 1264 1177 1449 1235; x_wconf 90' lang='lat' dir='ltr'><strong>pedibus</strong></span> <span class='ocrx_word' id='word_1_173' title='bbox 1481 1176 1537 1221; x_wconf 91' lang='lat' dir='ltr'><strong>ad</strong></span> <span class='ocrx_word' id='word_1_174' title='bbox 1569 1176 1776 1221; x_wconf 86' lang='lat' dir='ltr'><strong>humeros</strong></span> <span class='ocrx_word' id='word_1_175' title='bbox 1807 1185 1850 1221; x_wconf 90' lang='lat' dir='ltr'><strong>et</strong></span> <span class='ocrx_word' id='word_1_176' title='bbox 1879 1177 1934 1221; x_wconf 89' lang='lat' dir='ltr'><strong>ab</strong></span> <span class='ocrx_word' id='word_1_177' title='bbox 1965 1177 2159 1222; x_wconf 88' lang='lat' dir='ltr'><strong>humeris</strong></span> <span class='ocrx_word' id='word_1_178' title='bbox 2190 1177 2246 1222; x_wconf 91' lang='lat' dir='ltr'><strong>ad</strong></span> <span class='ocrx_word' id='word_1_179' title='bbox 2279 1176 2433 1235; x_wconf 88' lang='lat' dir='ltr'><strong>capitis</strong></span> <span class='ocrx_word' id='word_1_180' title='bbox 2453 1175 2661 1224; x_wconf 83' lang='lat' dir='ltr'><strong>formam3</strong></span> 
     </span>
     <span class='ocr_line' id='line_1_17' title="bbox 171 1245 2663 1306; baseline -0.002 -14"><span class='ocrx_word' id='word_1_181' title='bbox 171 1250 236 1292; x_wconf 87' lang='lat' dir='ltr'><strong>sin</strong></span> <span class='ocrx_word' id='word_1_182' title='bbox 270 1259 415 1293; x_wconf 89' lang='lat' dir='ltr'><strong>autem</strong></span> <span class='ocrx_word' id='word_1_183' title='bbox 446 1249 531 1292; x_wconf 90' lang='lat' dir='ltr'><strong>ista</strong></span> <span class='ocrx_word' id='word_1_184' title='bbox 560 1263 669 1293; x_wconf 90' lang='lat' dir='ltr'><strong>voce</strong></span> <span class='ocrx_word' id='word_1_185' title='bbox 699 1248 896 1305; x_wconf 88' lang='lat' dir='ltr'><strong>perversi</strong></span> <span class='ocrx_word' id='word_1_186' title='bbox 926 1247 1044 1291; x_wconf 90' lang='lat' dir='ltr'><strong>oculi</strong></span> <span class='ocrx_word' id='word_1_187' title='bbox 1075 1248 1422 1306; x_wconf 87' lang='lat' dir='ltr'><strong>significarentur</strong></span> <span class='ocrx_word' id='word_1_188' title='bbox 1462 1256 1505 1292; x_wconf 90' lang='lat' dir='ltr'><strong>et</strong></span> <span class='ocrx_word' id='word_1_189' title='bbox 1552 1252 1598 1294; x_wconf 93' lang='lat' dir='ltr'><strong>in</strong></span> <span class='ocrx_word' id='word_1_190' title='bbox 1638 1248 1934 1306; x_wconf 87' lang='lat' dir='ltr'><strong>descriptione</strong></span> <span class='ocrx_word' id='word_1_191' title='bbox 1971 1247 2027 1291; x_wconf 90' lang='lat' dir='ltr'><strong>ab</strong></span> <span class='ocrx_word' id='word_1_192' title='bbox 2066 1248 2206 1292; x_wconf 92' lang='lat' dir='ltr'><strong>oculis</strong></span> <span class='ocrx_word' id='word_1_193' title='bbox 2248 1245 2581 1291; x_wconf 85' lang='lat' dir='ltr'><strong>descenderetur</strong></span> <span class='ocrx_word' id='word_1_194' title='bbox 2610 1245 2663 1288; x_wconf 89' lang='lat' dir='ltr'><strong>ad</strong></span> 
     </span>
     <span class='ocr_line' id='line_1_18' title="bbox 168 1316 2665 1377; baseline -0.001 -15"><span class='ocrx_word' id='word_1_195' title='bbox 168 1320 315 1377; x_wconf 89' lang='lat' dir='ltr'><strong>pedes,</strong></span> <span class='ocrx_word' id='word_1_196' title='bbox 347 1335 374 1362; x_wconf 93' lang='lat' dir='ltr'><strong>a</strong></span> <span class='ocrx_word' id='word_1_197' title='bbox 404 1318 593 1377; x_wconf 86' lang='lat' dir='ltr'><strong>pedibus</strong></span> <span class='ocrx_word' id='word_1_198' title='bbox 625 1318 786 1362; x_wconf 90' lang='lat' dir='ltr'><strong>deinde</strong></span> <span class='ocrx_word' id='word_1_199' title='bbox 815 1318 1133 1362; x_wconf 85' lang='lat' dir='ltr'><strong>ascenderetur</strong></span> <span class='ocrx_word' id='word_1_200' title='bbox 1163 1319 1218 1361; x_wconf 90' lang='lat' dir='ltr'><strong>ad</strong></span> <span class='ocrx_word' id='word_1_201' title='bbox 1250 1319 1454 1362; x_wconf 85' lang='lat' dir='ltr'><strong>humeros</strong></span> <span class='ocrx_word' id='word_1_202' title='bbox 1487 1327 1530 1363; x_wconf 87' lang='lat' dir='ltr'><strong>et</strong></span> <span class='ocrx_word' id='word_1_203' title='bbox 1569 1319 1670 1362; x_wconf 85' lang='lat' dir='ltr'><strong>hinc</strong></span> <span class='ocrx_word' id='word_1_204' title='bbox 1708 1319 1927 1362; x_wconf 87' lang='lat' dir='ltr'><strong>rediretur</strong></span> <span class='ocrx_word' id='word_1_205' title='bbox 1965 1318 2020 1361; x_wconf 89' lang='lat' dir='ltr'><strong>ad</strong></span> <span class='ocrx_word' id='word_1_206' title='bbox 2061 1326 2219 1376; x_wconf 90' lang='lat' dir='ltr'><strong>caput,</strong></span> <span class='ocrx_word' id='word_1_207' title='bbox 2256 1318 2319 1361; x_wconf 88' lang='lat' dir='ltr'><strong>sic</strong></span> <span class='ocrx_word' id='word_1_208' title='bbox 2355 1323 2495 1361; x_wconf 89' lang='lat' dir='ltr'><strong>totum</strong></span> <span class='ocrx_word' id='word_1_209' title='bbox 2535 1316 2665 1360; x_wconf 88' lang='lat' dir='ltr'><strong>etiam</strong></span> 
     </span>
     <span class='ocr_line' id='line_1_19' title="bbox 167 1386 2666 1447; baseline -0.001 -16"><span class='ocrx_word' id='word_1_210' title='bbox 167 1389 475 1447; x_wconf 89' lang='lat' dir='ltr'><strong>descriptionis</strong></span> <span class='ocrx_word' id='word_1_211' title='bbox 507 1389 705 1432; x_wconf 89' lang='lat' dir='ltr'><strong>ordinem</strong></span> <span class='ocrx_word' id='word_1_212' title='bbox 736 1404 832 1431; x_wconf 90' lang='lat' dir='ltr'><strong>esse</strong></span> <span class='ocrx_word' id='word_1_213' title='bbox 862 1403 1134 1446; x_wconf 86' lang='lat' dir='ltr'><strong>perversum.</strong></span> <span class='ocrx_word' id='word_1_214' title='bbox 1165 1388 1254 1431; x_wconf 90' lang='lat' dir='ltr'><strong>Sed</strong></span> <span class='ocrx_word' id='word_1_215' title='bbox 1283 1388 1392 1432; x_wconf 88' lang='lat' dir='ltr'><strong>falsa</strong></span> <span class='ocrx_word' id='word_1_216' title='bbox 1423 1389 1596 1433; x_wconf 90' lang='lat' dir='ltr'><strong>videtur</strong></span> <span class='ocrx_word' id='word_1_217' title='bbox 1625 1389 1708 1432; x_wconf 89' lang='lat' dir='ltr'><strong>ista</strong></span> <span class='ocrx_word' id='word_1_218' title='bbox 1738 1388 1887 1446; x_wconf 88' lang='lat' dir='ltr'><strong>opinio</strong></span> <span class='ocrx_word' id='word_1_219' title='bbox 1918 1403 2040 1432; x_wconf 87' lang='lat' dir='ltr'><strong>esse:</strong></span> <span class='ocrx_word' id='word_1_220' title='bbox 2072 1404 2173 1432; x_wconf 93' lang='lat' dir='ltr'><strong>nam</strong></span> <span class='ocrx_word' id='word_1_221' title='bbox 2203 1388 2248 1431; x_wconf 90' lang='lat' dir='ltr'><strong>in</strong></span> <span class='ocrx_word' id='word_1_222' title='bbox 2270 1387 2353 1431; x_wconf 90' lang='lat' dir='ltr'><strong>hac</strong></span> <span class='ocrx_word' id='word_1_223' title='bbox 2374 1386 2666 1442; x_wconf 86' lang='lat' dir='ltr'><strong>descriptione</strong></span> 
     </span>
     <span class='ocr_line' id='line_1_20' title="bbox 168 1457 2664 1517; baseline -0.002 -15"><span class='ocrx_word' id='word_1_224' title='bbox 168 1460 403 1517; x_wconf 69' lang='lat' dir='ltr'><strong>turpissimi</strong></span> <span class='ocrx_word' id='word_1_225' title='bbox 432 1459 622 1503; x_wconf 91' lang='lat' dir='ltr'><strong>hominis</strong></span> <span class='ocrx_word' id='word_1_226' title='bbox 654 1463 710 1510; x_wconf 90' lang='lat' dir='ltr'><strong>(v.</strong></span> <span class='ocrx_word' id='word_1_227' title='bbox 741 1459 849 1513; x_wconf 83' lang='lat'>216)</span> <span class='ocrx_word' id='word_1_228' title='bbox 882 1473 969 1501; x_wconf 92' lang='lat' dir='ltr'><strong>non</strong></span> <span class='ocrx_word' id='word_1_229' title='bbox 1000 1458 1044 1502; x_wconf 92' lang='lat' dir='ltr'><strong>in</strong></span> <span class='ocrx_word' id='word_1_230' title='bbox 1078 1473 1130 1502; x_wconf 92' lang='grc'><strong>00</strong></span> <span class='ocrx_word' id='word_1_231' title='bbox 1161 1468 1260 1502; x_wconf 91' lang='lat' dir='ltr'><strong>sunt</strong></span> <span class='ocrx_word' id='word_1_232' title='bbox 1292 1458 1444 1503; x_wconf 91' lang='lat' dir='ltr'><strong>ordine</strong></span> <span class='ocrx_word' id='word_1_233' title='bbox 1476 1459 1675 1516; x_wconf 91' lang='lat' dir='ltr'><strong>corporis</strong></span> <span class='ocrx_word' id='word_1_234' title='bbox 1707 1466 1853 1516; x_wconf 89' lang='lat' dir='ltr'><strong>partes</strong></span> <span class='ocrx_word' id='word_1_235' title='bbox 1886 1458 2139 1516; x_wconf 90' lang='lat' dir='ltr'><strong>ponendae,</strong></span> <span class='ocrx_word' id='word_1_236' title='bbox 2168 1458 2213 1502; x_wconf 89' lang='lat' dir='ltr'><strong>in</strong></span> <span class='ocrx_word' id='word_1_237' title='bbox 2247 1472 2332 1514; x_wconf 93' lang='lat' dir='ltr'><strong>quo</strong></span> <span class='ocrx_word' id='word_1_238' title='bbox 2364 1457 2533 1515; x_wconf 84' lang='lat' dir='ltr'><strong>positae</strong></span> <span class='ocrx_word' id='word_1_239' title='bbox 2565 1465 2664 1498; x_wconf 80' lang='lat' dir='ltr'><strong>sunt</strong></span> 
     </span>
     <span class='ocr_line' id='line_1_21' title="bbox 168 1525 2663 1586; baseline -0.001 -15"><span class='ocrx_word' id='word_1_240' title='bbox 168 1544 193 1571; x_wconf 87' lang='lat' dir='ltr'><strong>a</strong></span> <span class='ocrx_word' id='word_1_241' title='bbox 224 1537 401 1580; x_wconf 88' lang='lat' dir='ltr'><strong>natura,</strong></span> <span class='ocrx_word' id='word_1_242' title='bbox 435 1528 512 1571; x_wconf 87' lang='lat' dir='ltr'><strong>sed</strong></span> <span class='ocrx_word' id='word_1_243' title='bbox 544 1528 686 1585; x_wconf 92' lang='lat' dir='ltr'><strong>prima</strong></span> <span class='ocrx_word' id='word_1_244' title='bbox 716 1528 923 1584; x_wconf 89' lang='lat' dir='ltr'><strong>ponenda</strong></span> <span class='ocrx_word' id='word_1_245' title='bbox 952 1536 1019 1571; x_wconf 87' lang='lat' dir='ltr'><strong>est</strong></span> <span class='ocrx_word' id='word_1_246' title='bbox 1050 1542 1102 1571; x_wconf 88' lang='lat' dir='ltr'><strong>ea</strong></span> <span class='ocrx_word' id='word_1_247' title='bbox 1131 1541 1259 1584; x_wconf 90' lang='lat' dir='ltr'><strong>pars,</strong></span> <span class='ocrx_word' id='word_1_248' title='bbox 1300 1529 1344 1571; x_wconf 92' lang='lat' dir='ltr'><strong>in</strong></span> <span class='ocrx_word' id='word_1_249' title='bbox 1383 1545 1473 1586; x_wconf 91' lang='lat' dir='ltr'><strong>qua</strong></span> <span class='ocrx_word' id='word_1_250' title='bbox 1513 1529 1701 1572; x_wconf 85' lang='lat' dir='ltr'><strong>maxime</strong></span> <span class='ocrx_word' id='word_1_251' title='bbox 1744 1529 1988 1585; x_wconf 88' lang='lat' dir='ltr'><strong>conspicua</strong></span> <span class='ocrx_word' id='word_1_252' title='bbox 2028 1536 2097 1571; x_wconf 92' lang='lat' dir='ltr'><strong>est</strong></span> <span class='ocrx_word' id='word_1_253' title='bbox 2126 1528 2311 1571; x_wconf 84' lang='lat' dir='ltr'><strong>foeditas</strong></span> <span class='ocrx_word' id='word_1_254' title='bbox 2344 1542 2394 1570; x_wconf 86' lang='lat' dir='ltr'><strong>ac</strong></span> <span class='ocrx_word' id='word_1_255' title='bbox 2426 1525 2663 1584; x_wconf 80' lang='lat' dir='ltr'><strong>turpitudo,</strong></span> 
     </span>
     <span class='ocr_line' id='line_1_22' title="bbox 170 1596 2664 1657; baseline -0.001 -16"><span class='ocrx_word' id='word_1_256' title='bbox 170 1608 304 1655; x_wconf 89' lang='lat' dir='ltr'><strong>atque</strong></span> <span class='ocrx_word' id='word_1_257' title='bbox 335 1612 361 1641; x_wconf 91' lang='lat' dir='ltr'><strong>a</strong></span> <span class='ocrx_word' id='word_1_258' title='bbox 391 1598 545 1641; x_wconf 89' lang='lat' dir='ltr'><strong>maiori</strong></span> <span class='ocrx_word' id='word_1_259' title='bbox 575 1597 736 1641; x_wconf 90' lang='lat' dir='ltr'><strong>deinde</strong></span> <span class='ocrx_word' id='word_1_260' title='bbox 767 1597 1042 1655; x_wconf 88' lang='lat' dir='ltr'><strong>turpitudine</strong></span> <span class='ocrx_word' id='word_1_261' title='bbox 1073 1598 1326 1655; x_wconf 88' lang='lat' dir='ltr'><strong>proceditur</strong></span> <span class='ocrx_word' id='word_1_262' title='bbox 1356 1598 1411 1640; x_wconf 90' lang='lat' dir='ltr'><strong>ad</strong></span> <span class='ocrx_word' id='word_1_263' title='bbox 1442 1598 1679 1650; x_wconf 85' lang='lat' dir='ltr'><strong>minorem3</strong></span> <span class='ocrx_word' id='word_1_264' title='bbox 1721 1599 1764 1641; x_wconf 91' lang='lat' dir='ltr'><strong>in</strong></span> <span class='ocrx_word' id='word_1_265' title='bbox 1797 1598 1939 1657; x_wconf 87' lang='lat' dir='ltr'><strong>valgis</strong></span> <span class='ocrx_word' id='word_1_266' title='bbox 1977 1613 2080 1641; x_wconf 88' lang='lat' dir='ltr'><strong>vero</strong></span> <span class='ocrx_word' id='word_1_267' title='bbox 2118 1597 2318 1641; x_wconf 88' lang='lat' dir='ltr'><strong>cruribus</strong></span> <span class='ocrx_word' id='word_1_268' title='bbox 2357 1612 2443 1639; x_wconf 91' lang='lat' dir='ltr'><strong>non</strong></span> <span class='ocrx_word' id='word_1_269' title='bbox 2474 1596 2664 1639; x_wconf 88' lang='lat' dir='ltr'><strong>maxima</strong></span> 
     </span>
     <span class='ocr_line' id='line_1_23' title="bbox 171 1664 2663 1726; baseline -0.002 -15"><span class='ocrx_word' id='word_1_270' title='bbox 171 1668 366 1711; x_wconf 89' lang='lat' dir='ltr'><strong>cernitur</strong></span> <span class='ocrx_word' id='word_1_271' title='bbox 395 1667 604 1718; x_wconf 78' lang='lat' dir='ltr'><strong>foeditas3</strong></span> <span class='ocrx_word' id='word_1_272' title='bbox 637 1668 796 1710; x_wconf 90' lang='lat' dir='ltr'><strong>deinde</strong></span> <span class='ocrx_word' id='word_1_273' title='bbox 827 1668 863 1710; x_wconf 88' lang='lat' dir='ltr'><strong>si</strong></span> <span class='ocrx_word' id='word_1_274' title='bbox 894 1668 1039 1725; x_wconf 66' lang='lat' dir='ltr'><strong>valy&#39;us</strong></span> <span class='ocrx_word' id='word_1_275' title='bbox 1068 1676 1184 1710; x_wconf 89' lang='lat' dir='ltr'><strong>esset</strong></span> <span class='ocrx_word' id='word_1_276' title='bbox 1214 1664 1385 1723; x_wconf 81' lang='grc' dir='ltr'><strong><em>φολκὸς</em></strong></span> <span class='ocrx_word' id='word_1_277' title='bbox 1418 1671 1646 1725; x_wconf 85' lang='grc' dir='ltr'><strong>Θεφσίτης</strong></span> <span class='ocrx_word' id='word_1_278' title='bbox 1677 1676 1719 1711; x_wconf 93' lang='lat' dir='ltr'><strong>et</strong></span> <span class='ocrx_word' id='word_1_279' title='bbox 1751 1669 1881 1711; x_wconf 91' lang='lat' dir='ltr'><strong>simul</strong></span> <span class='ocrx_word' id='word_1_280' title='bbox 1911 1665 2057 1726; x_wconf 81' lang='grc' dir='ltr'><em>χωλὸς</em></span> <span class='ocrx_word' id='word_1_281' title='bbox 2088 1667 2245 1721; x_wconf 79' lang='grc' dir='ltr'><strong><em>ἕτερον</em></strong></span> <span class='ocrx_word' id='word_1_282' title='bbox 2274 1665 2409 1716; x_wconf 85' lang='grc' dir='ltr'><em>πόδα,</em></span> <span class='ocrx_word' id='word_1_283' title='bbox 2439 1667 2551 1708; x_wconf 84' lang='lat' dir='ltr'><strong>duae</strong></span> <span class='ocrx_word' id='word_1_284' title='bbox 2573 1676 2663 1708; x_wconf 89' lang='lat' dir='ltr'><strong>tur-</strong></span> 
     </span>
     <span class='ocr_line' id='line_1_24' title="bbox 165 1736 2663 1796; baseline -0.001 -16"><span class='ocrx_word' id='word_1_285' title='bbox 165 1737 382 1795; x_wconf 90' lang='lat' dir='ltr'><strong>pitudinis</strong></span> <span class='ocrx_word' id='word_1_286' title='bbox 401 1745 549 1792; x_wconf 89' lang='lat' dir='ltr'><strong>partes</strong></span> <span class='ocrx_word' id='word_1_287' title='bbox 575 1736 757 1781; x_wconf 87' lang='lat' dir='ltr'><strong>collatae</strong></span> <span class='ocrx_word' id='word_1_288' title='bbox 781 1738 924 1780; x_wconf 89' lang='lat' dir='ltr'><strong>forent</strong></span> <span class='ocrx_word' id='word_1_289' title='bbox 943 1738 989 1780; x_wconf 90' lang='lat' dir='ltr'><strong>in</strong></span> <span class='ocrx_word' id='word_1_290' title='bbox 1021 1737 1174 1795; x_wconf 90' lang='lat' dir='ltr'><strong>pedes,</strong></span> <span class='ocrx_word' id='word_1_291' title='bbox 1206 1752 1470 1794; x_wconf 87' lang='lat' dir='ltr'><strong>quamquam</strong></span> <span class='ocrx_word' id='word_1_292' title='bbox 1500 1748 1654 1781; x_wconf 91' lang='lat' dir='ltr'><strong>neutra</strong></span> <span class='ocrx_word' id='word_1_293' title='bbox 1682 1754 1832 1781; x_wconf 90' lang='lat' dir='ltr'><strong>earum</strong></span> <span class='ocrx_word' id='word_1_294' title='bbox 1862 1738 1948 1782; x_wconf 91' lang='lat' dir='ltr'><strong>dici</strong></span> <span class='ocrx_word' id='word_1_295' title='bbox 1979 1748 2127 1796; x_wconf 87' lang='lat' dir='ltr'><strong>posset</strong></span> <span class='ocrx_word' id='word_1_296' title='bbox 2157 1738 2348 1780; x_wconf 90' lang='lat' dir='ltr'><strong>maxima</strong></span> <span class='ocrx_word' id='word_1_297' title='bbox 2377 1736 2562 1780; x_wconf 86' lang='lat' dir='ltr'><strong>foeditas</strong></span> <span class='ocrx_word' id='word_1_298' title='bbox 2594 1736 2663 1778; x_wconf 88' lang='lat' dir='ltr'><strong>vel</strong></span> 
     </span>
     <span class='ocr_line' id='line_1_25' title="bbox 165 1805 2663 1864; baseline -0.001 -16"><span class='ocrx_word' id='word_1_299' title='bbox 165 1807 353 1850; x_wconf 84' lang='lat' dir='ltr'><strong>maxime</strong></span> <span class='ocrx_word' id='word_1_300' title='bbox 384 1806 621 1864; x_wconf 89' lang='lat' dir='ltr'><strong>conspicua</strong></span> <span class='ocrx_word' id='word_1_301' title='bbox 651 1821 759 1855; x_wconf 78' lang='lat' dir='ltr'><strong>esse,</strong></span> <span class='ocrx_word' id='word_1_302' title='bbox 790 1807 904 1848; x_wconf 90' lang='lat' dir='ltr'><strong>oculi</strong></span> <span class='ocrx_word' id='word_1_303' title='bbox 937 1816 1084 1849; x_wconf 89' lang='lat' dir='ltr'><strong>autem</strong></span> <span class='ocrx_word' id='word_1_304' title='bbox 1116 1808 1210 1849; x_wconf 90' lang='lat' dir='ltr'><strong>eius</strong></span> <span class='ocrx_word' id='word_1_305' title='bbox 1240 1807 1414 1849; x_wconf 89' lang='lat' dir='ltr'><strong>minime</strong></span> <span class='ocrx_word' id='word_1_306' title='bbox 1447 1816 1593 1850; x_wconf 88' lang='lat' dir='ltr'><strong>essent</strong></span> <span class='ocrx_word' id='word_1_307' title='bbox 1624 1809 1963 1858; x_wconf 87' lang='lat' dir='ltr'><strong>commemorati,</strong></span> <span class='ocrx_word' id='word_1_308' title='bbox 1990 1808 2108 1864; x_wconf 92' lang='lat' dir='ltr'><strong>quod</strong></span> <span class='ocrx_word' id='word_1_309' title='bbox 2139 1818 2252 1850; x_wconf 91' lang='lat' dir='ltr'><strong>certe</strong></span> <span class='ocrx_word' id='word_1_310' title='bbox 2289 1807 2447 1850; x_wconf 88' lang='lat' dir='ltr'><strong>mirum</strong></span> <span class='ocrx_word' id='word_1_311' title='bbox 2477 1807 2588 1849; x_wconf 88' lang='lat' dir='ltr'><strong>foret</strong></span> <span class='ocrx_word' id='word_1_312' title='bbox 2619 1805 2663 1847; x_wconf 90' lang='lat' dir='ltr'><strong>in</strong></span> 
     </span>
     <span class='ocr_line' id='line_1_26' title="bbox 163 1874 2663 1935; baseline -0 -17"><span class='ocrx_word' id='word_1_313' title='bbox 163 1878 479 1931; x_wconf 89' lang='lat' dir='ltr'><strong>procacissimo</strong></span> <span class='ocrx_word' id='word_1_314' title='bbox 517 1878 713 1926; x_wconf 71' lang='lat' dir='ltr'><strong>Thersite,</strong></span> <span class='ocrx_word' id='word_1_315' title='bbox 747 1877 873 1918; x_wconf 88' lang='lat' dir='ltr'><strong>cuius</strong></span> <span class='ocrx_word' id='word_1_316' title='bbox 905 1877 1151 1933; x_wconf 86' lang='lat' dir='ltr'><strong>procacitas</strong></span> <span class='ocrx_word' id='word_1_317' title='bbox 1172 1878 1368 1932; x_wconf 90' lang='lat' dir='ltr'><strong>profecto</strong></span> <span class='ocrx_word' id='word_1_318' title='bbox 1390 1877 1628 1920; x_wconf 88' lang='lat' dir='ltr'><strong>existimari</strong></span> <span class='ocrx_word' id='word_1_319' title='bbox 1661 1886 1804 1933; x_wconf 88' lang='lat' dir='ltr'><strong>potest</strong></span> <span class='ocrx_word' id='word_1_320' title='bbox 1824 1878 1868 1921; x_wconf 93' lang='lat' dir='ltr'><strong>in</strong></span> <span class='ocrx_word' id='word_1_321' title='bbox 1892 1878 2018 1921; x_wconf 88' lang='lat' dir='ltr'><strong>vultu</strong></span> <span class='ocrx_word' id='word_1_322' title='bbox 2039 1877 2289 1935; x_wconf 87' lang='lat' dir='ltr'><strong>praecipue,</strong></span> <span class='ocrx_word' id='word_1_323' title='bbox 2321 1891 2427 1935; x_wconf 87' lang='lat' dir='ltr'><strong>ergo</strong></span> <span class='ocrx_word' id='word_1_324' title='bbox 2446 1875 2490 1919; x_wconf 89' lang='grc'><strong>10</strong></span> <span class='ocrx_word' id='word_1_325' title='bbox 2510 1874 2663 1925; x_wconf 88' lang='grc'><strong>000118,</strong></span> 
     </span>
     <span class='ocr_line' id='line_1_27' title="bbox 163 1945 2662 2005; baseline -0.001 -18"><span class='ocrx_word' id='word_1_326' title='bbox 163 1945 298 1988; x_wconf 87' lang='lat' dir='ltr'><strong>fuisse</strong></span> <span class='ocrx_word' id='word_1_327' title='bbox 328 1947 585 2003; x_wconf 86' lang='lat' dir='ltr'><strong>conspicua.</strong></span> <span class='ocrx_word' id='word_1_328' title='bbox 634 1945 683 1988; x_wconf 89' lang='lat' dir='ltr'><strong>Si</strong></span> <span class='ocrx_word' id='word_1_329' title='bbox 715 1961 820 1988; x_wconf 88' lang='lat' dir='ltr'><strong>vero</strong></span> <span class='ocrx_word' id='word_1_330' title='bbox 851 1945 1122 2003; x_wconf 86' lang='lat' dir='ltr'><strong>perversitas</strong></span> <span class='ocrx_word' id='word_1_331' title='bbox 1154 1946 1380 1989; x_wconf 89' lang='lat' dir='ltr'><strong>oculorum</strong></span> <span class='ocrx_word' id='word_1_332' title='bbox 1413 1962 1520 1989; x_wconf 89' lang='lat' dir='ltr'><strong>voce</strong></span> <span class='ocrx_word' id='word_1_333' title='bbox 1560 1955 1712 1991; x_wconf 89' lang='lat' dir='ltr'><strong>nostra</strong></span> <span class='ocrx_word' id='word_1_334' title='bbox 1751 1946 2050 2005; x_wconf 89' lang='lat' dir='ltr'><strong>significatur,</strong></span> <span class='ocrx_word' id='word_1_335' title='bbox 2094 1956 2193 2004; x_wconf 88' lang='lat' dir='ltr'><strong>apte</strong></span> <span class='ocrx_word' id='word_1_336' title='bbox 2238 1945 2294 1989; x_wconf 87' lang='lat' dir='ltr'><strong>ab</strong></span> <span class='ocrx_word' id='word_1_337' title='bbox 2325 1945 2464 1989; x_wconf 86' lang='grc'><strong>000118</strong></span> <span class='ocrx_word' id='word_1_338' title='bbox 2509 1958 2662 2002; x_wconf 89' lang='lat' dir='ltr'><strong>proce—</strong></span> 
     </span>
     <span class='ocr_line' id='line_1_28' title="bbox 162 2014 2661 2074; baseline -0 -17"><span class='ocrx_word' id='word_1_339' title='bbox 162 2015 282 2058; x_wconf 86' lang='lat' dir='ltr'><strong>ditur</strong></span> <span class='ocrx_word' id='word_1_340' title='bbox 311 2015 368 2058; x_wconf 90' lang='lat' dir='ltr'><strong>ad</strong></span> <span class='ocrx_word' id='word_1_341' title='bbox 400 2015 681 2058; x_wconf 86' lang='lat' dir='ltr'><strong>clauditatem</strong></span> <span class='ocrx_word' id='word_1_342' title='bbox 715 2030 765 2057; x_wconf 91' lang='lat' dir='ltr'><strong>ac</strong></span> <span class='ocrx_word' id='word_1_343' title='bbox 795 2016 955 2058; x_wconf 90' lang='lat' dir='ltr'><strong>deinde</strong></span> <span class='ocrx_word' id='word_1_344' title='bbox 987 2015 1044 2058; x_wconf 91' lang='lat' dir='ltr'><strong>ad</strong></span> <span class='ocrx_word' id='word_1_345' title='bbox 1075 2015 1356 2058; x_wconf 88' lang='lat' dir='ltr'><strong>humerorum</strong></span> <span class='ocrx_word' id='word_1_346' title='bbox 1387 2024 1430 2058; x_wconf 91' lang='lat' dir='ltr'><strong>et</strong></span> <span class='ocrx_word' id='word_1_347' title='bbox 1461 2016 1575 2059; x_wconf 90' lang='lat' dir='ltr'><strong>calvi</strong></span> <span class='ocrx_word' id='word_1_348' title='bbox 1607 2016 1763 2074; x_wconf 88' lang='lat' dir='ltr'><strong>capitis</strong></span> <span class='ocrx_word' id='word_1_349' title='bbox 1795 2017 2125 2060; x_wconf 85' lang='lat' dir='ltr'><strong>deformitatem.</strong></span> <span class='ocrx_word' id='word_1_350' title='bbox 2172 2015 2286 2061; x_wconf 91' lang='lat' dir='ltr'><strong>Cum</strong></span> <span class='ocrx_word' id='word_1_351' title='bbox 2317 2016 2402 2059; x_wconf 88' lang='lat' dir='ltr'><strong>ista</strong></span> <span class='ocrx_word' id='word_1_352' title='bbox 2432 2014 2661 2058; x_wconf 84' lang='lat' dir='ltr'><strong>Thersitae</strong></span> 
     </span>
     <span class='ocr_line' id='line_1_29' title="bbox 163 2084 2661 2145; baseline -0.001 -16"><span class='ocrx_word' id='word_1_353' title='bbox 163 2086 459 2144; x_wconf 87' lang='lat' dir='ltr'><strong>descriptione</strong></span> <span class='ocrx_word' id='word_1_354' title='bbox 491 2087 621 2130; x_wconf 91' lang='lat' dir='ltr'><strong>liceat</strong></span> <span class='ocrx_word' id='word_1_355' title='bbox 656 2086 804 2129; x_wconf 83' lang='lat' dir='ltr'><strong>Ulixis</strong></span> <span class='ocrx_word' id='word_1_356' title='bbox 847 2086 1208 2130; x_wconf 85' lang='lat' dir='ltr'><strong>deformationem</strong></span> <span class='ocrx_word' id='word_1_357' title='bbox 1252 2087 1472 2138; x_wconf 91' lang='lat' dir='ltr'><strong>conferre,</strong></span> <span class='ocrx_word' id='word_1_358' title='bbox 1516 2087 1779 2143; x_wconf 87' lang='lat' dir='ltr'><strong>descriptam</strong></span> <span class='ocrx_word' id='word_1_359' title='bbox 1819 2088 1863 2131; x_wconf 92' lang='lat' dir='ltr'><strong>in</strong></span> <span class='ocrx_word' id='word_1_360' title='bbox 1909 2086 2069 2145; x_wconf 90' lang='lat' dir='ltr'><strong>Odyss.</strong></span> <span class='ocrx_word' id='word_1_361' title='bbox 2100 2087 2129 2131; x_wconf 95' lang='grc'><strong>1.</strong></span> <span class='ocrx_word' id='word_1_362' title='bbox 2160 2085 2298 2131; x_wconf 87' lang='grc' dir='ltr'><strong>ΧΠΙ.</strong></span> <span class='ocrx_word' id='word_1_363' title='bbox 2329 2103 2369 2130; x_wconf 87' lang='lat' dir='ltr'><strong>v.</strong></span> <span class='ocrx_word' id='word_1_364' title='bbox 2403 2084 2661 2133; x_wconf 76' lang='lat'><strong>398—402,</strong></span> 
     </span>
     <span class='ocr_line' id='line_1_30' title="bbox 163 2154 2660 2216; baseline -0.001 -19"><span class='ocrx_word' id='word_1_365' title='bbox 163 2171 276 2210; x_wconf 91' lang='lat' dir='ltr'><strong>quae</strong></span> <span class='ocrx_word' id='word_1_366' title='bbox 307 2157 420 2199; x_wconf 89' lang='lat' dir='ltr'><strong>duae</strong></span> <span class='ocrx_word' id='word_1_367' title='bbox 451 2156 675 2199; x_wconf 85' lang='lat' dir='ltr'><strong>foeditatis</strong></span> <span class='ocrx_word' id='word_1_368' title='bbox 707 2156 1028 2213; x_wconf 84' lang='lat' dir='ltr'><strong>descriptiones</strong></span> <span class='ocrx_word' id='word_1_369' title='bbox 1074 2156 1251 2200; x_wconf 89' lang='lat' dir='ltr'><strong>attende</strong></span> <span class='ocrx_word' id='word_1_370' title='bbox 1296 2172 1457 2213; x_wconf 87' lang='lat' dir='ltr'><strong>quaeso</strong></span> <span class='ocrx_word' id='word_1_371' title='bbox 1505 2158 1724 2213; x_wconf 91' lang='lat' dir='ltr'><strong>quomodo</strong></span> <span class='ocrx_word' id='word_1_372' title='bbox 1769 2158 2051 2216; x_wconf 91' lang='lat' dir='ltr'><strong>potissimum</strong></span> <span class='ocrx_word' id='word_1_373' title='bbox 2096 2158 2208 2200; x_wconf 88' lang='lat' dir='ltr'><strong>inter</strong></span> <span class='ocrx_word' id='word_1_374' title='bbox 2254 2172 2301 2201; x_wconf 87' lang='grc'><strong>80</strong></span> <span class='ocrx_word' id='word_1_375' title='bbox 2343 2156 2572 2199; x_wconf 84' lang='lat' dir='ltr'><strong>differant:</strong></span> <span class='ocrx_word' id='word_1_376' title='bbox 2618 2154 2660 2195; x_wconf 91' lang='lat' dir='ltr'><strong>in</strong></span> 
     </span>
     <span class='ocr_line' id='line_1_31' title="bbox 161 2225 2661 2285; baseline -0.001 -18"><span class='ocrx_word' id='word_1_377' title='bbox 161 2225 390 2276; x_wconf 88' lang='lat' dir='ltr'><strong>Thersite,</strong></span> <span class='ocrx_word' id='word_1_378' title='bbox 433 2225 559 2268; x_wconf 88' lang='lat' dir='ltr'><strong>cuius</strong></span> <span class='ocrx_word' id='word_1_379' title='bbox 599 2226 788 2269; x_wconf 88' lang='lat' dir='ltr'><strong>foeditas</strong></span> <span class='ocrx_word' id='word_1_380' title='bbox 828 2227 914 2269; x_wconf 90' lang='lat' dir='ltr'><strong>iam</strong></span> <span class='ocrx_word' id='word_1_381' title='bbox 957 2228 1155 2283; x_wconf 89' lang='lat' dir='ltr'><strong>perfecta</strong></span> <span class='ocrx_word' id='word_1_382' title='bbox 1193 2234 1281 2277; x_wconf 89' lang='lat' dir='ltr'><strong>est,</strong></span> <span class='ocrx_word' id='word_1_383' title='bbox 1321 2226 1462 2283; x_wconf 90' lang='lat' dir='ltr'><strong>prima</strong></span> <span class='ocrx_word' id='word_1_384' title='bbox 1493 2228 1673 2282; x_wconf 92' lang='lat' dir='ltr'><strong>ponitur</strong></span> <span class='ocrx_word' id='word_1_385' title='bbox 1701 2227 1929 2271; x_wconf 91' lang='lat' dir='ltr'><strong>oculorum</strong></span> <span class='ocrx_word' id='word_1_386' title='bbox 1959 2227 2245 2285; x_wconf 85' lang='lat' dir='ltr'><strong>perversitas,</strong></span> <span class='ocrx_word' id='word_1_387' title='bbox 2287 2227 2451 2283; x_wconf 88' lang='lat' dir='ltr'><strong>quippe</strong></span> <span class='ocrx_word' id='word_1_388' title='bbox 2490 2225 2535 2268; x_wconf 89' lang='lat' dir='ltr'><strong>in</strong></span> <span class='ocrx_word' id='word_1_389' title='bbox 2574 2238 2661 2280; x_wconf 90' lang='lat' dir='ltr'><strong>qua</strong></span> 
     </span>
     <span class='ocr_line' id='line_1_32' title="bbox 161 2293 2660 2354; baseline -0.001 -17"><span class='ocrx_word' id='word_1_390' title='bbox 161 2295 352 2339; x_wconf 90' lang='lat' dir='ltr'><strong>maxime</strong></span> <span class='ocrx_word' id='word_1_391' title='bbox 383 2294 625 2352; x_wconf 86' lang='lat' dir='ltr'><strong>conspicua</strong></span> <span class='ocrx_word' id='word_1_392' title='bbox 659 2297 716 2338; x_wconf 91' lang='lat' dir='ltr'><strong>sit</strong></span> <span class='ocrx_word' id='word_1_393' title='bbox 747 2296 938 2339; x_wconf 89' lang='lat' dir='ltr'><strong>foeditas</strong></span> <span class='ocrx_word' id='word_1_394' title='bbox 971 2297 1247 2351; x_wconf 87' lang='lat' dir='ltr'><strong>maximeque</strong></span> <span class='ocrx_word' id='word_1_395' title='bbox 1278 2307 1480 2341; x_wconf 88' lang='lat' dir='ltr'><strong>cernatur</strong></span> <span class='ocrx_word' id='word_1_396' title='bbox 1510 2295 1737 2354; x_wconf 89' lang='lat' dir='ltr'><strong>proprium</strong></span> <span class='ocrx_word' id='word_1_397' title='bbox 1767 2295 1995 2339; x_wconf 86' lang='lat' dir='ltr'><strong>Thersitae</strong></span> <span class='ocrx_word' id='word_1_398' title='bbox 2024 2296 2276 2353; x_wconf 85' lang='lat' dir='ltr'><strong>ingenium3</strong></span> <span class='ocrx_word' id='word_1_399' title='bbox 2322 2296 2366 2338; x_wconf 90' lang='lat' dir='ltr'><strong>in</strong></span> <span class='ocrx_word' id='word_1_400' title='bbox 2406 2295 2538 2339; x_wconf 90' lang='lat' dir='ltr'><strong>Ulixe</strong></span> <span class='ocrx_word' id='word_1_401' title='bbox 2568 2293 2660 2350; x_wconf 88' lang='lat' dir='ltr'><strong>pri-</strong></span> 
     </span>
     <span class='ocr_line' id='line_1_33' title="bbox 161 2364 2658 2423; baseline 0 -17"><span class='ocrx_word' id='word_1_402' title='bbox 161 2380 283 2406; x_wconf 92' lang='lat' dir='ltr'><strong>mum</strong></span> <span class='ocrx_word' id='word_1_403' title='bbox 314 2364 403 2406; x_wconf 91' lang='lat' dir='ltr'><strong>fere</strong></span> <span class='ocrx_word' id='word_1_404' title='bbox 435 2365 613 2420; x_wconf 86' lang='lat' dir='ltr'><strong>ponitur</strong></span> <span class='ocrx_word' id='word_1_405' title='bbox 644 2365 885 2421; x_wconf 85' lang='lat' dir='ltr'><strong>calvitium,</strong></span> <span class='ocrx_word' id='word_1_406' title='bbox 917 2366 1148 2410; x_wconf 83' lang='lat' dir='ltr'><strong>oculorum</strong></span> <span class='ocrx_word' id='word_1_407' title='bbox 1179 2366 1365 2409; x_wconf 87' lang='lat' dir='ltr'><strong>foeditas</strong></span> <span class='ocrx_word' id='word_1_408' title='bbox 1398 2376 1545 2408; x_wconf 89' lang='lat' dir='ltr'><strong>autem</strong></span> <span class='ocrx_word' id='word_1_409' title='bbox 1577 2375 1785 2417; x_wconf 88' lang='lat' dir='ltr'><strong>extrema,</strong></span> <span class='ocrx_word' id='word_1_410' title='bbox 1831 2381 1918 2422; x_wconf 91' lang='lat' dir='ltr'><strong>qua</strong></span> <span class='ocrx_word' id='word_1_411' title='bbox 1950 2367 2145 2421; x_wconf 88' lang='lat' dir='ltr'><strong>corporis</strong></span> <span class='ocrx_word' id='word_1_412' title='bbox 2176 2365 2431 2408; x_wconf 85' lang='lat' dir='ltr'><strong>deformitas</strong></span> <span class='ocrx_word' id='word_1_413' title='bbox 2461 2364 2536 2408; x_wconf 88' lang='lat' dir='ltr'><strong>fiat</strong></span> <span class='ocrx_word' id='word_1_414' title='bbox 2565 2379 2658 2423; x_wconf 89' lang='lat' dir='ltr'><strong>per·</strong></span> 
     </span>
     <span class='ocr_line' id='line_1_34' title="bbox 162 2432 2658 2492; baseline 0 -17"><span class='ocrx_word' id='word_1_415' title='bbox 162 2435 289 2476; x_wconf 88' lang='lat' dir='ltr'><strong>fecta.</strong></span> <span class='ocrx_word' id='word_1_416' title='bbox 325 2433 484 2487; x_wconf 89' lang='lat' dir='ltr'><strong>Itaque</strong></span> <span class='ocrx_word' id='word_1_417' title='bbox 517 2435 590 2476; x_wconf 89' lang='lat' dir='ltr'><strong>vix</strong></span> <span class='ocrx_word' id='word_1_418' title='bbox 622 2432 815 2476; x_wconf 88' lang='lat' dir='ltr'><strong>dubitari</strong></span> <span class='ocrx_word' id='word_1_419' title='bbox 847 2435 1021 2491; x_wconf 87' lang='lat' dir='ltr'><strong>poterit,</strong></span> <span class='ocrx_word' id='word_1_420' title='bbox 1054 2435 1159 2489; x_wconf 90' lang='lat' dir='ltr'><strong>quin</strong></span> <span class='ocrx_word' id='word_1_421' title='bbox 1194 2433 1416 2477; x_wconf 87' lang='lat' dir='ltr'><strong>Thersites</strong></span> <span class='ocrx_word' id='word_1_422' title='bbox 1448 2432 1622 2490; x_wconf 80' lang='grc' dir='ltr'><strong><em>φολκός</em></strong></span> <span class='ocrx_word' id='word_1_423' title='bbox 1654 2434 1823 2477; x_wconf 89' lang='lat' dir='ltr'><strong>dicatur</strong></span> <span class='ocrx_word' id='word_1_424' title='bbox 1853 2434 1910 2477; x_wconf 94' lang='lat' dir='ltr'><strong>ob</strong></span> <span class='ocrx_word' id='word_1_425' title='bbox 1931 2435 2082 2478; x_wconf 91' lang='lat' dir='ltr'><strong>oculos</strong></span> <span class='ocrx_word' id='word_1_426' title='bbox 2103 2449 2334 2492; x_wconf 89' lang='lat' dir='ltr'><strong>perversos</strong></span> <span class='ocrx_word' id='word_1_427' title='bbox 2345 2450 2356 2485; x_wconf 85' lang='lat'><em>3</em></span> <span class='ocrx_word' id='word_1_428' title='bbox 2387 2444 2535 2477; x_wconf 90' lang='lat' dir='ltr'><strong>utrum</strong></span> <span class='ocrx_word' id='word_1_429' title='bbox 2555 2449 2658 2477; x_wconf 86' lang='lat' dir='ltr'><strong>vero</strong></span> 
     </span>
     <span class='ocr_line' id='line_1_35' title="bbox 161 2502 2655 2560; baseline 0.001 -15"><span class='ocrx_word' id='word_1_430' title='bbox 161 2502 425 2546; x_wconf 87' lang='lat' dir='ltr'><strong>vocabulum</strong></span> <span class='ocrx_word' id='word_1_431' title='bbox 459 2503 568 2546; x_wconf 87' lang='lat' dir='ltr'><strong>illud</strong></span> <span class='ocrx_word' id='word_1_432' title='bbox 599 2503 817 2560; x_wconf 87' lang='lat' dir='ltr'><strong>originem</strong></span> <span class='ocrx_word' id='word_1_433' title='bbox 849 2505 1032 2548; x_wconf 89' lang='lat' dir='ltr'><strong>traxerit</strong></span> <span class='ocrx_word' id='word_1_434' title='bbox 1064 2521 1089 2548; x_wconf 91' lang='lat' dir='ltr'><strong>a</strong></span> <span class='ocrx_word' id='word_1_435' title='bbox 1128 2504 1302 2548; x_wconf 89' lang='lat' dir='ltr'><strong>duabus</strong></span> <span class='ocrx_word' id='word_1_436' title='bbox 1333 2503 1545 2556; x_wconf 90' lang='lat' dir='ltr'><strong>vocibus,</strong></span> <span class='ocrx_word' id='word_1_437' title='bbox 1587 2519 1613 2547; x_wconf 91' lang='lat' dir='ltr'><strong>a</strong></span> <span class='ocrx_word' id='word_1_438' title='bbox 1650 2502 1768 2560; x_wconf 79' lang='grc' dir='ltr'><strong><em>φάος</em></strong></span> <span class='ocrx_word' id='word_1_439' title='bbox 1810 2511 1849 2547; x_wconf 92' lang='lat' dir='ltr'><strong>et</strong></span> <span class='ocrx_word' id='word_1_440' title='bbox 1887 2503 2060 2559; x_wconf 82' lang='grc' dir='ltr'><em>ἕλκειν,</em></span> <span class='ocrx_word' id='word_1_441' title='bbox 2104 2519 2157 2547; x_wconf 88' lang='lat' dir='ltr'><strong>an</strong></span> <span class='ocrx_word' id='word_1_442' title='bbox 2199 2503 2254 2548; x_wconf 88' lang='lat' dir='ltr'><strong>ab</strong></span> <span class='ocrx_word' id='word_1_443' title='bbox 2295 2504 2430 2547; x_wconf 89' lang='lat' dir='ltr'><strong>altera</strong></span> <span class='ocrx_word' id='word_1_444' title='bbox 2471 2513 2655 2555; x_wconf 86' lang='lat' dir='ltr'><strong>tantum,</strong></span> 
     </span>
     <span class='ocr_line' id='line_1_36' title="bbox 161 2559 2658 2631; baseline 0.001 -17"><span class='ocrx_word' id='word_1_445' title='bbox 161 2574 222 2614; x_wconf 91' lang='lat' dir='ltr'><strong>ita</strong></span> <span class='ocrx_word' id='word_1_446' title='bbox 253 2580 301 2615; x_wconf 93' lang='lat' dir='ltr'><strong>ut</strong></span> <span class='ocrx_word' id='word_1_447' title='bbox 331 2571 460 2614; x_wconf 90' lang='lat' dir='ltr'><strong>litera</strong></span> <span class='ocrx_word' id='word_1_448' title='bbox 491 2588 525 2627; x_wconf 88' lang='grc' dir='ltr'>φ</span> <span class='ocrx_word' id='word_1_449' title='bbox 557 2580 652 2614; x_wconf 89' lang='lat' dir='ltr'><strong>orta</strong></span> <span class='ocrx_word' id='word_1_450' title='bbox 681 2572 735 2616; x_wconf 92' lang='lat' dir='ltr'><strong>sit</strong></span> <span class='ocrx_word' id='word_1_451' title='bbox 767 2588 790 2616; x_wconf 92' lang='lat' dir='ltr'><strong>e</strong></span> <span class='ocrx_word' id='word_1_452' title='bbox 820 2573 1002 2630; x_wconf 87' lang='lat' dir='ltr'><strong>spiritus</strong></span> <span class='ocrx_word' id='word_1_453' title='bbox 1035 2559 1296 2631; x_wconf 67' lang='lat' dir='ltr'><strong>asperitate,</strong></span> <span class='ocrx_word' id='word_1_454' title='bbox 1332 2573 1444 2617; x_wconf 88' lang='lat' dir='ltr'><strong>hanc</strong></span> <span class='ocrx_word' id='word_1_455' title='bbox 1476 2588 1567 2616; x_wconf 90' lang='lat' dir='ltr'><strong>rem</strong></span> <span class='ocrx_word' id='word_1_456' title='bbox 1599 2574 1835 2617; x_wconf 88' lang='lat' dir='ltr'><strong>admodum</strong></span> <span class='ocrx_word' id='word_1_457' title='bbox 1866 2574 2044 2617; x_wconf 90' lang='lat' dir='ltr'><strong>dubiam</strong></span> <span class='ocrx_word' id='word_1_458' title='bbox 2077 2574 2280 2631; x_wconf 88' lang='lat' dir='ltr'><strong>equidem</strong></span> <span class='ocrx_word' id='word_1_459' title='bbox 2312 2574 2543 2616; x_wconf 87' lang='lat' dir='ltr'><strong>decernere</strong></span> <span class='ocrx_word' id='word_1_460' title='bbox 2572 2590 2658 2617; x_wconf 91' lang='lat' dir='ltr'><strong>non</strong></span> 
     </span>
     <span class='ocr_line' id='line_1_37' title="bbox 162 2641 553 2684; baseline 0.003 -1"><span class='ocrx_word' id='word_1_461' title='bbox 162 2642 326 2684; x_wconf 87' lang='lat' dir='ltr'><strong>frustra</strong></span> <span class='ocrx_word' id='word_1_462' title='bbox 348 2641 553 2684; x_wconf 82' lang='lat' dir='ltr'><strong>conabor.</strong></span> 
     </span>
    </p>
   </div>
   <div class='ocr_carea' id='block_1_5' title="bbox 1360 2761 1470 2813">
    <p class='ocr_par' dir='ltr' id='par_1_6' title="bbox 1360 2761 1470 2813">
     <span class='ocr_line' id='line_1_38' title="bbox 1360 2761 1470 2813; baseline -0.009 -12"><span class='ocrx_word' id='word_1_463' title='bbox 1360 2761 1394 2813; x_wconf 64' lang='grc' dir='ltr'><strong>ς.</strong></span> <span class='ocrx_word' id='word_1_464' title='bbox 1430 2761 1470 2801; x_wconf 84' lang='lat'><strong>4.</strong></span> 
     </span>
    </p>
   </div>
   <div class='ocr_carea' id='block_1_6' title="bbox 541 2857 2426 2989">
    <p class='ocr_par' dir='ltr' id='par_1_7' title="bbox 541 2857 2426 2989">
     <span class='ocr_line' id='line_1_39' title="bbox 541 2857 1780 2921; baseline 0 -16"><span class='ocrx_word' id='word_1_465' title='bbox 541 2919 544 2921; x_wconf 31' lang='grc'>-</span> <span class='ocrx_word' id='word_1_466' title='bbox 583 2868 701 2905; x_wconf 82' lang='grc' dir='ltr'><strong><em>κεῖτο</em></strong></span> <span class='ocrx_word' id='word_1_467' title='bbox 733 2857 770 2905; x_wconf 87' lang='grc' dir='ltr'><strong>δ’</strong></span> <span class='ocrx_word' id='word_1_468' title='bbox 801 2858 866 2916; x_wconf 79' lang='grc' dir='ltr'><strong>ἄρ’</strong></span> <span class='ocrx_word' id='word_1_469' title='bbox 901 2862 952 2906; x_wconf 80' lang='grc' dir='ltr'><strong>ἐν</strong></span> <span class='ocrx_word' id='word_1_470' title='bbox 982 2863 1192 2920; x_wconf 83' lang='grc' dir='ltr'>μέσσοισι</span> <span class='ocrx_word' id='word_1_471' title='bbox 1222 2862 1317 2907; x_wconf 85' lang='grc' dir='ltr'><strong>δύω</strong></span> <span class='ocrx_word' id='word_1_472' title='bbox 1349 2871 1536 2920; x_wconf 78' lang='grc' dir='ltr'><strong><em>χρυσοῖο</em></strong></span> <span class='ocrx_word' id='word_1_473' title='bbox 1568 2861 1780 2919; x_wconf 78' lang='grc' dir='ltr'><strong>τάλαντα,</strong></span> 
     </span>
     <span class='ocr_line' id='line_1_40' title="bbox 577 2927 2426 2989; baseline 0.001 -17"><span class='ocrx_word' id='word_1_474' title='bbox 577 2932 640 2987; x_wconf 81' lang='grc' dir='ltr'><strong>τῷ</strong></span> <span class='ocrx_word' id='word_1_475' title='bbox 670 2929 828 2987; x_wconf 80' lang='grc' dir='ltr'><em>δόμεν,</em></span> <span class='ocrx_word' id='word_1_476' title='bbox 863 2927 912 2982; x_wconf 82' lang='grc' dir='ltr'><strong>ὃς</strong></span> <span class='ocrx_word' id='word_1_477' title='bbox 942 2930 1050 2989; x_wconf 81' lang='grc' dir='ltr'><strong><em>μετὰ</em></strong></span> <span class='ocrx_word' id='word_1_478' title='bbox 1080 2939 1198 2975; x_wconf 82' lang='grc' dir='ltr'><strong><em>τοῖσι</em></strong></span> <span class='ocrx_word' id='word_1_479' title='bbox 1229 2934 1365 2989; x_wconf 85' lang='grc' dir='ltr'><strong><em>δίκην</em></strong></span> <span class='ocrx_word' id='word_1_480' title='bbox 1397 2931 1622 2975; x_wconf 81' lang='grc' dir='ltr'><strong><em>ἰθύντατα</em></strong></span> <span class='ocrx_word' id='word_1_481' title='bbox 1653 2936 1784 2974; x_wconf 73' lang='grc' dir='ltr'><strong><em>εἴποι.</em></strong></span> <span class='ocrx_word' id='word_1_482' title='bbox 1816 2933 1941 2975; x_wconf 86' lang='lat' dir='ltr'><strong>Iliad.</strong></span> <span class='ocrx_word' id='word_1_483' title='bbox 1963 2934 1991 2973; x_wconf 86' lang='lat' dir='ltr'><strong>l.</strong></span> <span class='ocrx_word' id='word_1_484' title='bbox 2013 2933 2192 2974; x_wconf 89' lang='lat' dir='ltr'>XVIII.</span> <span class='ocrx_word' id='word_1_485' title='bbox 2218 2949 2257 2974; x_wconf 89' lang='lat' dir='ltr'><strong>v.</strong></span> <span class='ocrx_word' id='word_1_486' title='bbox 2286 2935 2369 2976; x_wconf 80' lang='lat'><strong>507</strong></span> <span class='ocrx_word' id='word_1_487' title='bbox 2392 2949 2426 2974; x_wconf 84' lang='lat' dir='ltr'><strong>s.</strong></span> 
     </span>
    </p>
   </div>
   <div class='ocr_carea' id='block_1_7' title="bbox 158 3012 2657 3559">
    <p class='ocr_par' dir='ltr' id='par_1_8' title="bbox 158 3012 2657 3559">
     <span class='ocr_line' id='line_1_41' title="bbox 369 3012 2655 3071; baseline 0.001 -17"><span class='ocrx_word' id='word_1_488' title='bbox 369 3012 491 3054; x_wconf 85' lang='lat' dir='ltr'><strong>Inter</strong></span> <span class='ocrx_word' id='word_1_489' title='bbox 522 3013 759 3054; x_wconf 76' lang='lat' dir='ltr'><strong>miraculae</strong></span> <span class='ocrx_word' id='word_1_490' title='bbox 792 3013 892 3054; x_wconf 89' lang='lat' dir='ltr'><strong>illas</strong></span> <span class='ocrx_word' id='word_1_491' title='bbox 924 3014 1152 3071; x_wconf 89' lang='lat' dir='ltr'><strong>imagines,</strong></span> <span class='ocrx_word' id='word_1_492' title='bbox 1186 3029 1300 3071; x_wconf 90' lang='lat' dir='ltr'><strong>quae</strong></span> <span class='ocrx_word' id='word_1_493' title='bbox 1331 3014 1373 3055; x_wconf 92' lang='lat' dir='ltr'><strong>in</strong></span> <span class='ocrx_word' id='word_1_494' title='bbox 1409 3023 1533 3055; x_wconf 87' lang='lat' dir='ltr'><strong>scuto</strong></span> <span class='ocrx_word' id='word_1_495' title='bbox 1565 3013 1754 3054; x_wconf 84' lang='lat' dir='ltr'><strong>Achillis</strong></span> <span class='ocrx_word' id='word_1_496' title='bbox 1786 3014 1841 3054; x_wconf 87' lang='lat' dir='ltr'><strong>ab</strong></span> <span class='ocrx_word' id='word_1_497' title='bbox 1872 3015 2227 3071; x_wconf 84' lang='lat' dir='ltr'><strong>ingeniosissimo</strong></span> <span class='ocrx_word' id='word_1_498' title='bbox 2253 3023 2381 3070; x_wconf 86' lang='lat' dir='ltr'><strong>poeta</strong></span> <span class='ocrx_word' id='word_1_499' title='bbox 2400 3025 2551 3057; x_wconf 90' lang='lat' dir='ltr'><strong>nostro</strong></span> <span class='ocrx_word' id='word_1_500' title='bbox 2582 3015 2655 3056; x_wconf 84' lang='lat' dir='ltr'><strong>de-</strong></span> 
     </span>
     <span class='ocr_line' id='line_1_42' title="bbox 163 3082 2657 3140; baseline 0.002 -17"><span class='ocrx_word' id='word_1_501' title='bbox 163 3083 306 3138; x_wconf 83' lang='lat' dir='ltr'><strong>pictae</strong></span> <span class='ocrx_word' id='word_1_502' title='bbox 338 3091 456 3133; x_wconf 90' lang='lat' dir='ltr'><strong>sunt,</strong></span> <span class='ocrx_word' id='word_1_503' title='bbox 489 3092 555 3124; x_wconf 90' lang='lat' dir='ltr'><strong>est</strong></span> <span class='ocrx_word' id='word_1_504' title='bbox 587 3083 718 3124; x_wconf 89' lang='lat' dir='ltr'><strong>etiam</strong></span> <span class='ocrx_word' id='word_1_505' title='bbox 751 3082 1013 3138; x_wconf 86' lang='lat' dir='ltr'><strong>disceptatio</strong></span> <span class='ocrx_word' id='word_1_506' title='bbox 1042 3084 1245 3135; x_wconf 87' lang='lat' dir='ltr'><strong>forensis,</strong></span> <span class='ocrx_word' id='word_1_507' title='bbox 1279 3098 1367 3138; x_wconf 92' lang='lat' dir='ltr'><strong>qua</strong></span> <span class='ocrx_word' id='word_1_508' title='bbox 1397 3084 1624 3140; x_wconf 87' lang='lat' dir='ltr'><strong>quaeritur</strong></span> <span class='ocrx_word' id='word_1_509' title='bbox 1654 3083 1708 3126; x_wconf 91' lang='lat' dir='ltr'><strong>de</strong></span> <span class='ocrx_word' id='word_1_510' title='bbox 1740 3100 1881 3139; x_wconf 85' lang='lat' dir='ltr'><strong>poena</strong></span> <span class='ocrx_word' id='word_1_511' title='bbox 1911 3084 1967 3128; x_wconf 87' lang='lat' dir='ltr'><strong>ob</strong></span> <span class='ocrx_word' id='word_1_512' title='bbox 1999 3084 2217 3128; x_wconf 89' lang='lat' dir='ltr'><strong>hominem</strong></span> <span class='ocrx_word' id='word_1_513' title='bbox 2258 3084 2537 3128; x_wconf 88' lang='lat' dir='ltr'><strong>interfectum</strong></span> <span class='ocrx_word' id='word_1_514' title='bbox 2571 3084 2657 3128; x_wconf 86' lang='lat' dir='ltr'><strong>sol-</strong></span> 
     </span>
     <span class='ocr_line' id='line_1_43' title="bbox 166 3151 2656 3210; baseline 0.001 -17"><span class='ocrx_word' id='word_1_515' title='bbox 166 3151 325 3194; x_wconf 86' lang='lat' dir='ltr'><strong>venda:</strong></span> <span class='ocrx_word' id='word_1_516' title='bbox 357 3153 467 3194; x_wconf 87' lang='lat' dir='ltr'><strong>alter</strong></span> <span class='ocrx_word' id='word_1_517' title='bbox 498 3161 753 3203; x_wconf 87' lang='lat' dir='ltr'><strong>accusatus,</strong></span> <span class='ocrx_word' id='word_1_518' title='bbox 794 3152 869 3208; x_wconf 90' lang='lat' dir='ltr'><strong>qui</strong></span> <span class='ocrx_word' id='word_1_519' title='bbox 905 3151 1125 3195; x_wconf 89' lang='lat' dir='ltr'><strong>hominem</strong></span> <span class='ocrx_word' id='word_1_520' title='bbox 1165 3154 1354 3210; x_wconf 88' lang='lat' dir='ltr'><strong>aliquem</strong></span> <span class='ocrx_word' id='word_1_521' title='bbox 1393 3153 1695 3208; x_wconf 87' lang='lat' dir='ltr'><strong>interfecerat,</strong></span> <span class='ocrx_word' id='word_1_522' title='bbox 1737 3168 1922 3209; x_wconf 88' lang='lat' dir='ltr'><strong>poenam</strong></span> <span class='ocrx_word' id='word_1_523' title='bbox 1962 3153 2254 3198; x_wconf 84' lang='lat' dir='ltr'><strong>contendebat</strong></span> <span class='ocrx_word' id='word_1_524' title='bbox 2295 3169 2320 3197; x_wconf 94' lang='lat' dir='ltr'><strong>a</strong></span> <span class='ocrx_word' id='word_1_525' title='bbox 2360 3169 2405 3198; x_wconf 93' lang='lat' dir='ltr'><strong>se</strong></span> <span class='ocrx_word' id='word_1_526' title='bbox 2441 3153 2529 3197; x_wconf 91' lang='lat' dir='ltr'><strong>iam</strong></span> <span class='ocrx_word' id='word_1_527' title='bbox 2559 3168 2656 3196; x_wconf 89' lang='lat' dir='ltr'><strong>esse</strong></span> 
     </span>
     <span class='ocr_line' id='line_1_44' title="bbox 160 3220 2654 3282; baseline 0 -18"><span class='ocrx_word' id='word_1_528' title='bbox 160 3221 372 3272; x_wconf 85' lang='lat' dir='ltr'><strong>solutam3</strong></span> <span class='ocrx_word' id='word_1_529' title='bbox 415 3220 548 3274; x_wconf 85' lang='lat' dir='ltr'><strong>alter,</strong></span> <span class='ocrx_word' id='word_1_530' title='bbox 590 3222 664 3278; x_wconf 91' lang='lat' dir='ltr'><strong>qui</strong></span> <span class='ocrx_word' id='word_1_531' title='bbox 702 3230 988 3265; x_wconf 87' lang='lat' dir='ltr'><strong>accusaverat</strong></span> <span class='ocrx_word' id='word_1_532' title='bbox 1023 3220 1170 3275; x_wconf 89' lang='lat' dir='ltr'><strong>illum,</strong></span> <span class='ocrx_word' id='word_1_533' title='bbox 1210 3237 1256 3266; x_wconf 90' lang='lat' dir='ltr'><strong>se</strong></span> <span class='ocrx_word' id='word_1_534' title='bbox 1287 3224 1509 3280; x_wconf 90' lang='lat' dir='ltr'><strong>accepisse</strong></span> <span class='ocrx_word' id='word_1_535' title='bbox 1540 3222 1780 3280; x_wconf 89' lang='lat' dir='ltr'><strong>quidquam</strong></span> <span class='ocrx_word' id='word_1_536' title='bbox 1823 3223 2024 3282; x_wconf 87' lang='lat' dir='ltr'><strong>negabat.</strong></span> <span class='ocrx_word' id='word_1_537' title='bbox 2064 3222 2153 3279; x_wconf 87' lang='lat' dir='ltr'><strong>Qui</strong></span> <span class='ocrx_word' id='word_1_538' title='bbox 2184 3223 2363 3267; x_wconf 90' lang='lat' dir='ltr'><strong>aderant</strong></span> <span class='ocrx_word' id='word_1_539' title='bbox 2394 3238 2449 3267; x_wconf 93' lang='lat' dir='ltr'><strong>ex</strong></span> <span class='ocrx_word' id='word_1_540' title='bbox 2478 3222 2654 3281; x_wconf 87' lang='lat' dir='ltr'><strong>populo,</strong></span> 
     </span>
     <span class='ocr_line' id='line_1_45' title="bbox 161 3288 2654 3351; baseline 0 -18"><span class='ocrx_word' id='word_1_541' title='bbox 161 3288 451 3333; x_wconf 89' lang='lat' dir='ltr'><strong>discedebant</strong></span> <span class='ocrx_word' id='word_1_542' title='bbox 480 3290 522 3332; x_wconf 88' lang='lat' dir='ltr'><strong>in</strong></span> <span class='ocrx_word' id='word_1_543' title='bbox 554 3291 806 3334; x_wconf 88' lang='lat' dir='ltr'><strong>alterutrius</strong></span> <span class='ocrx_word' id='word_1_544' title='bbox 838 3299 1011 3349; x_wconf 88' lang='lat' dir='ltr'><strong>partes,</strong></span> <span class='ocrx_word' id='word_1_545' title='bbox 1048 3306 1199 3335; x_wconf 88' lang='lat' dir='ltr'><strong>verum</strong></span> <span class='ocrx_word' id='word_1_546' title='bbox 1238 3308 1264 3336; x_wconf 89' lang='lat' dir='ltr'><strong>a</strong></span> <span class='ocrx_word' id='word_1_547' title='bbox 1307 3292 1600 3349; x_wconf 84' lang='lat' dir='ltr'><strong>praeconibus</strong></span> <span class='ocrx_word' id='word_1_548' title='bbox 1639 3292 1980 3345; x_wconf 86' lang='lat' dir='ltr'><strong>cohibebantur3</strong></span> <span class='ocrx_word' id='word_1_549' title='bbox 2021 3294 2189 3337; x_wconf 88' lang='lat' dir='ltr'><strong>iudices</strong></span> <span class='ocrx_word' id='word_1_550' title='bbox 2222 3319 2276 3325; x_wconf 96' lang='lat'>—</span> <span class='ocrx_word' id='word_1_551' title='bbox 2305 3302 2495 3351; x_wconf 72' lang='lat' dir='ltr'><strong>yet-omes</strong></span> <span class='ocrx_word' id='word_1_552' title='bbox 2525 3316 2579 3322; x_wconf 91' lang='lat'><strong>—</strong></span> <span class='ocrx_word' id='word_1_553' title='bbox 2610 3293 2654 3334; x_wconf 91' lang='lat' dir='ltr'><strong>in</strong></span> 
     </span>
     <span class='ocr_line' id='line_1_46' title="bbox 158 3358 2653 3422; baseline -0 -18"><span class='ocrx_word' id='word_1_554' title='bbox 158 3358 383 3417; x_wconf 87' lang='lat' dir='ltr'><strong>lapidibus</strong></span> <span class='ocrx_word' id='word_1_555' title='bbox 416 3360 795 3404; x_wconf 90' lang='lat' dir='ltr'><strong>circumsedebant</strong></span> <span class='ocrx_word' id='word_1_556' title='bbox 826 3371 869 3405; x_wconf 90' lang='lat' dir='ltr'><strong>et</strong></span> <span class='ocrx_word' id='word_1_557' title='bbox 899 3375 1166 3419; x_wconf 89' lang='lat' dir='ltr'><strong>praeconum</strong></span> <span class='ocrx_word' id='word_1_558' title='bbox 1198 3370 1367 3419; x_wconf 87' lang='lat' dir='ltr'><strong>sceptra</strong></span> <span class='ocrx_word' id='word_1_559' title='bbox 1401 3361 1604 3404; x_wconf 90' lang='lat' dir='ltr'><strong>manibus</strong></span> <span class='ocrx_word' id='word_1_560' title='bbox 1637 3369 1832 3404; x_wconf 90' lang='lat' dir='ltr'><strong>tenentes</strong></span> <span class='ocrx_word' id='word_1_561' title='bbox 1872 3361 2078 3418; x_wconf 88' lang='lat' dir='ltr'><strong>deinceps</strong></span> <span class='ocrx_word' id='word_1_562' title='bbox 2118 3362 2228 3407; x_wconf 86' lang='lat' dir='ltr'><strong>alius</strong></span> <span class='ocrx_word' id='word_1_563' title='bbox 2258 3371 2359 3422; x_wconf 91' lang='lat' dir='ltr'><strong>post</strong></span> <span class='ocrx_word' id='word_1_564' title='bbox 2389 3363 2524 3405; x_wconf 89' lang='lat' dir='ltr'><strong>alium</strong></span> <span class='ocrx_word' id='word_1_565' title='bbox 2555 3375 2653 3404; x_wconf 91' lang='lat' dir='ltr'><strong>sen-</strong></span> 
     </span>
     <span class='ocr_line' id='line_1_47' title="bbox 159 3427 2653 3488; baseline 0 -17"><span class='ocrx_word' id='word_1_566' title='bbox 159 3430 340 3472; x_wconf 88' lang='lat' dir='ltr'><strong>tentiam</strong></span> <span class='ocrx_word' id='word_1_567' title='bbox 373 3427 602 3480; x_wconf 84' lang='lat' dir='ltr'><strong>dicebant3</strong></span> <span class='ocrx_word' id='word_1_568' title='bbox 647 3430 691 3472; x_wconf 88' lang='lat' dir='ltr'><strong>in</strong></span> <span class='ocrx_word' id='word_1_569' title='bbox 735 3431 881 3474; x_wconf 90' lang='lat' dir='ltr'><strong>medio</strong></span> <span class='ocrx_word' id='word_1_570' title='bbox 923 3431 1068 3486; x_wconf 88' lang='lat' dir='ltr'><strong>posita</strong></span> <span class='ocrx_word' id='word_1_571' title='bbox 1099 3430 1187 3475; x_wconf 92' lang='lat' dir='ltr'><strong>duo</strong></span> <span class='ocrx_word' id='word_1_572' title='bbox 1230 3430 1431 3474; x_wconf 88' lang='lat' dir='ltr'><strong>iacebant</strong></span> <span class='ocrx_word' id='word_1_573' title='bbox 1471 3431 1567 3474; x_wconf 88' lang='lat' dir='ltr'><strong>auri</strong></span> <span class='ocrx_word' id='word_1_574' title='bbox 1600 3430 1790 3482; x_wconf 87' lang='lat' dir='ltr'><strong>talenta,</strong></span> <span class='ocrx_word' id='word_1_575' title='bbox 1838 3433 1901 3488; x_wconf 78' lang='grc' dir='ltr'><strong>τῷ</strong></span> <span class='ocrx_word' id='word_1_576' title='bbox 1930 3428 2092 3487; x_wconf 85' lang='grc' dir='ltr'><strong>δόμεν,</strong></span> <span class='ocrx_word' id='word_1_577' title='bbox 2140 3427 2191 3483; x_wconf 83' lang='grc' dir='ltr'><strong>ὃς</strong></span> <span class='ocrx_word' id='word_1_578' title='bbox 2230 3428 2340 3488; x_wconf 82' lang='grc' dir='ltr'><strong><em>μετὰ</em></strong></span> <span class='ocrx_word' id='word_1_579' title='bbox 2370 3437 2488 3473; x_wconf 79' lang='grc' dir='ltr'><strong><em>τοῖσι</em></strong></span> <span class='ocrx_word' id='word_1_580' title='bbox 2517 3430 2653 3486; x_wconf 86' lang='grc' dir='ltr'><strong><em>δίκην</em></strong></span> 
     </span>
     <span class='ocr_line' id='line_1_48' title="bbox 158 3496 2652 3559; baseline -0.001 -17"><span class='ocrx_word' id='word_1_581' title='bbox 158 3496 384 3542; x_wconf 78' lang='grc' dir='ltr'><strong><em>ἰθύντατα</em></strong></span> <span class='ocrx_word' id='word_1_582' title='bbox 417 3501 548 3541; x_wconf 76' lang='grc' dir='ltr'><strong><em>εἴποι.</em></strong></span> <span class='ocrx_word' id='word_1_583' title='bbox 583 3497 748 3543; x_wconf 79' lang='lat' dir='ltr'><strong>Judieii</strong></span> <span class='ocrx_word' id='word_1_584' title='bbox 782 3500 895 3544; x_wconf 91' lang='lat' dir='ltr'><strong>hano</strong></span> <span class='ocrx_word' id='word_1_585' title='bbox 927 3501 1180 3558; x_wconf 85' lang='lat' dir='ltr'><strong>imaginem,</strong></span> <span class='ocrx_word' id='word_1_586' title='bbox 1214 3501 1327 3543; x_wconf 92' lang='lat' dir='ltr'><strong>sicut</strong></span> <span class='ocrx_word' id='word_1_587' title='bbox 1358 3500 1464 3544; x_wconf 84' lang='lat' dir='ltr'><strong>alias</strong></span> <span class='ocrx_word' id='word_1_588' title='bbox 1497 3515 1609 3558; x_wconf 81' lang='lat' dir='ltr'><strong>quae</strong></span> <span class='ocrx_word' id='word_1_589' title='bbox 1640 3508 1743 3543; x_wconf 86' lang='lat' dir='ltr'><strong>sunt</strong></span> <span class='ocrx_word' id='word_1_590' title='bbox 1773 3501 1814 3542; x_wconf 89' lang='lat' dir='ltr'><strong>in</strong></span> <span class='ocrx_word' id='word_1_591' title='bbox 1849 3511 1974 3544; x_wconf 88' lang='lat' dir='ltr'><strong>scuto</strong></span> <span class='ocrx_word' id='word_1_592' title='bbox 1998 3501 2198 3553; x_wconf 87' lang='lat' dir='ltr'><strong>Achillis,</strong></span> <span class='ocrx_word' id='word_1_593' title='bbox 2220 3502 2382 3559; x_wconf 89' lang='lat' dir='ltr'><strong>optime</strong></span> <span class='ocrx_word' id='word_1_594' title='bbox 2403 3498 2652 3555; x_wconf 82' lang='lat' dir='ltr'><strong>explanavit</strong></span> 
     </span>
    </p>
   </div>
  </div>
 </body>
</html>
