2853 3720
1414 72 1467 112 14

187 216 346 264 oratio,
382 229 495 271 quae
526 215 726 268 sequitur
757 228 795 254 v.
828 215 935 263 229,
979 214 1156 257 minime
1187 224 1368 270 excepta
1410 224 1478 256 est
1506 228 1737 271 procorum
1768 228 1975 267 assensu,
2019 230 2205 271 quorum
2243 217 2417 260 nomine
2448 217 2545 261 vide
2575 232 2685 275 quae

186 285 434 327 Leiocritus
472 283 683 327 iracunde
724 283 958 341 respondet
995 283 1024 326 l.
1056 282 1116 326 11.
1149 299 1186 327 v.
1219 285 1304 327 243
1335 296 1416 340 ss.;
1452 282 1501 326 sle
1532 282 1759 340 promissis
1791 299 1817 326 a
1845 282 2110 327 Telemacho
2143 285 2294 329 matris
2326 284 2574 345 Penelopae
2604 303 2685 331 nu-

182 354 286 409 ptiis
304 363 397 411 post
415 353 535 396 illam
557 354 797 397 orationem
826 353 871 395 in
892 352 1213 396 Ithacesiorum
1235 352 1441 396 concione
1462 351 1656 396 habitam
1690 368 1833 412 neque
1863 368 1890 397 a
1918 355 2064 411 procis
2093 369 2236 409 neque
2266 355 2321 399 ab
2351 355 2434 399 alio
2465 371 2684 413 quoquam

185 424 275 465 ulla
305 438 411 466 voce
441 422 491 466 fit
521 423 713 473 mentio,
746 436 858 477 quae
895 430 1013 466 certe
1049 421 1197 475 fieret,
1245 422 1283 466 si
1319 436 1420 465 vere
1451 420 1745 467 Telemachus
1782 422 1927 479 procis
1965 423 2143 468 dixisset
2184 424 2275 476 (lib.
2305 423 2368 468 ΙΙ.
2398 442 2438 469 v.
2470 427 2583 480 223),
2613 425 2685 470 καὶ

182 491 314 546 ἀνέρι
344 491 516 550 μητέρα
547 488 693 536 δώσω.
753 491 910 535 Mirari
949 491 1081 536 etiam
1111 491 1282 544 liceret.
1331 490 1448 547 quod
1478 490 1596 534 filius
1624 491 1734 535 nihil
1764 492 1946 537 dixisset
1974 493 2101 537 matri
2131 493 2186 537 de
2212 508 2325 538 novo
2355 495 2630 540 matrimonio
2661 512 2686 538 a

183 580 227 605 se
258 563 402 619 procis
424 562 652 618 promisso.
714 560 804 606 Sed
834 560 952 605 filius
984 562 1138 606 matris
1169 561 1491 606 matrimonium
1523 560 1668 619 procis
1699 562 1876 607 minime
1906 563 2126 620 promisit,
2157 579 2242 608 non
2275 564 2383 607 dixit
2424 563 2527 616 ,,καὶ
2557 562 2686 619 ἀνέρι

184 632 355 688 μητέρα
390 628 570 675 διόσω“.
610 631 665 674 Id
696 645 835 686 aeque
870 630 1008 675 filium
1036 631 1287 682 dedeceret,
1328 645 1464 688 aeque
1504 631 1735 687 indignum
1772 632 1885 675 foret
1925 641 1967 676 et
1997 641 2134 677 matre
2163 640 2206 677 et
2247 633 2361 686 filio,
2407 648 2543 688 aeque
2573 636 2683 678 foret

181 705 394 759 ineptum,
426 709 554 757 atque
584 701 693 743 mira
723 701 799 744 illa
834 701 1077 751 sententia,
1126 717 1255 757 quam
1287 701 1544 757 interpretes
1575 699 1803 744 Minervae
1833 701 2016 746 vocibus
2047 701 2122 746 καὶ
2151 698 2282 757 ἀνέρι
2321 701 2491 759 μητέρα
2520 704 2684 747 δοῦναι

181 771 232 819 (Ι.
266 786 306 812 ν.
339 769 445 825 292)
487 768 636 826 primis
667 769 754 813 iam
785 769 1057 824 temporibus
1088 770 1376 813 subiecerunt.
1437 768 1588 824 Quum
1618 784 1722 812 vero
1752 770 1827 813 isti
1858 771 1965 814 haec
1992 776 2125 815 verba
2154 772 2377 815 Minervae
2406 773 2517 815 falso
2550 773 2684 814 inter·

182 841 337 896 pretati
377 847 550 891 essent,
594 854 771 882 necesse
811 840 894 882 fuit
926 840 1103 884 eosdem
1133 839 1329 894 opinari,
1376 838 1685 883 Telemachum
1726 840 1770 882 in
1811 839 1888 883 illa
1925 842 2132 885 concione
2162 842 2189 885 l.
2221 841 2281 885 Π.
2311 857 2353 885 v.
2384 842 2468 885 223
2499 856 2583 884 non
2617 842 2684 884 di-

181 910 316 961 xisse,
340 909 453 951 sicut
474 909 732 956 Minervam.
753 907 830 952 καὶ
850 904 982 962 ἀνέρι
1011 908 1180 965 μητέρα
1211 909 1389 959 δοῦναι,
1419 908 1496 951 sed
1520 925 1600 953 suo
1615 909 1803 961 nomine,
1836 908 1911 953 καὶ
1941 905 2066 964 ἀνέρι
2094 910 2264 967 μητέρα
2293 906 2441 955 δώσω.
2474 911 2563 954 Sed
2586 926 2682 954 cum

181 979 293 1022 falsa
322 978 397 1021 illa
416 978 644 1022 Minervae
675 977 909 1021 verborum
939 978 1292 1036 interpretatione
1316 977 1549 1020 reiicienda
1580 986 1646 1021 est
1676 978 1818 1029 etiam,
1851 992 1962 1034 quae
1982 978 2084 1023 inde
2099 988 2201 1022 nata
2222 990 2302 1032 est,
2334 979 2418 1023 ista
2434 979 2683 1023 Telemachi

182 1048 428 1092 enunciatio
462 1046 569 1099 „nal
599 1043 731 1102 ἀνέρι
762 1047 934 1103 μητέρα
965 1044 1143 1099 δώσω“,
1175 1055 1305 1104 atque
1345 1046 1664 1090 restituendum
1693 1054 1847 1106 poetae
1878 1048 2097 1092 sincerum
2127 1049 2388 1093 vocabulum
2419 1050 2596 1105 δοῦναι,
2626 1052 2686 1093 ita

182 1130 241 1167 ut,
275 1117 396 1174 quod
428 1117 520 1159 fieri
554 1117 737 1160 solitum
768 1125 863 1169 est,
896 1116 1010 1160 hanc
1039 1117 1268 1160 Minervae
1298 1117 1508 1160 orationis
1547 1126 1716 1174 partem
1746 1133 1772 1160 a
1803 1117 2065 1162 Telemacho
2105 1135 2184 1162 suo
2209 1120 2383 1173 quidem
2426 1120 2599 1163 nomine
2629 1122 2682 1161 ad

182 1188 365 1231 verbum
388 1187 616 1244 repetitam
645 1187 872 1230 videamus
905 1196 948 1230 et
975 1187 1141 1230 finitam
1172 1186 1238 1230 his
1270 1186 1476 1231 vocibus:
1509 1183 1623 1232 ὅσσα
1654 1186 1729 1232 καὶ
1759 1184 1890 1242 ἀνέρι
1915 1186 2084 1243 μητέρα
2114 1188 2305 1244 δοῦναι,
2335 1199 2536 1247 quantum
2565 1198 2683 1233 etiam

182 1261 293 1302 deret
322 1266 496 1302 matrem
532 1273 665 1301 meam
697 1258 865 1315 coniuyi
893 1272 967 1301 suo
998 1258 1188 1301 tribuere.
1249 1257 1366 1314 Apte
1395 1272 1499 1300 vero
1529 1256 1576 1299 id
1605 1257 1699 1301 fieri
1730 1271 1860 1314 posse
1901 1271 1927 1300 a
1956 1257 2044 1301 filio
2075 1258 2227 1301 matris
2258 1258 2456 1310 nomine,
2503 1274 2588 1302 non
2620 1271 2683 1301 est

182 1329 299 1384 quod
332 1328 614 1379 dubitemus,
655 1342 741 1370 non
773 1327 905 1369 modo
938 1339 1117 1384 propter
1147 1327 1410 1370 domesticas
1441 1342 1554 1383 quae
1586 1336 1692 1369 tunc
1723 1327 1930 1383 temporis
1971 1336 2092 1370 erant
2122 1327 2368 1385 Penelopae
2399 1328 2683 1379 conditiones,

179 1413 332 1439 verum
363 1397 493 1440 etiam
525 1406 703 1454 propter
734 1396 929 1439 adultam
961 1396 1047 1439 iam
1085 1396 1162 1438 filii
1194 1405 1378 1438 aetatem
1416 1411 1653 1452 curamque
1692 1395 2025 1439 domesticarum
2066 1411 2211 1439 rerum
2242 1397 2296 1440 ab
2327 1412 2377 1441 eo
2408 1407 2682 1454 susceptam3

184 1470 261 1509 cfr.
293 1466 369 1508 lib.
403 1466 532 1509 XlX.
565 1482 605 1508 v,
639 1466 722 1509 530
755 1481 813 1507 ss.
846 1473 951 1516 παῖς
981 1461 1021 1508 δ’
1052 1462 1160 1519 ἐμός
1191 1491 1247 1496 -
1270 1492 1322 1498 ——
1353 1460 1409 1520 δὴ
1442 1465 1582 1520 μέγας
1612 1464 1711 1508 ἐστί
1736 1463 1811 1509 καὶ
1842 1460 1954 1521 ἥβης
1984 1463 2153 1521 μέτρον
2182 1462 2330 1509 ἱκάνει
2348 1491 2405 1497 ——
2427 1472 2479 1500 —'
2502 1464 2683 1523 κτήσιος

179 1528 449 1591 ἀσχαλο’ων,
480 1532 563 1590 τὴν
594 1535 641 1577 οἰ
668 1533 941 1577 κατέδουσιν
965 1530 1148 1589 Ἀχαιοί.
1212 1534 1417 1577 Ceterum
1451 1535 1526 1589 qui
1559 1536 1745 1578 honores
1777 1533 1980 1578 funebres
2011 1534 2193 1578 mortuis
2223 1533 2451 1585 debentur,
2483 1535 2513 1577 ii
2543 1551 2628 1578 non
2660 1552 2684 1577 a

180 1605 391 1663 singulis,
435 1620 586 1647 verum
618 1618 644 1646 a
676 1604 845 1646 cunctis
884 1603 1102 1646 debentur
1145 1604 1428 1660 propinquis3
1475 1619 1526 1646 eo
1566 1605 1707 1661 magis
1738 1604 1871 1658 igitur
1901 1618 1981 1660 pro
2012 1602 2233 1657 Penelope
2265 1613 2403 1646 matre
2434 1603 2682 1648 domesticis

177 1675 486 1719 conditonibus
531 1673 813 1730 aliquomodo
859 1673 1092 1729 impedita,
1140 1672 1451 1716 Telemachum
1497 1682 1718 1730 tamquam
1764 1682 1893 1730 caput
1939 1671 2087 1729 regiae
2131 1671 2349 1724 familiae,
2382 1696 2437 1704 —-
2467 1674 2547 1715 τοῦ
2586 1668 2673 1728 γὰρ

182 1745 348 1797 κράτος
380 1741 467 1788 ’ἐστ’
501 1740 569 1787 ἐνὶ
600 1747 727 1797 οἴκῳ,
758 1743 786 1785 l.
816 1742 954 1786 XXI.
986 1758 1026 1785 v.
1060 1742 1145 1785 353
1165 1767 1223 1774 —-
1244 1752 1285 1785 et
1315 1758 1394 1786 suo
1424 1751 1467 1786 et
1498 1745 1649 1786 matris
1681 1744 1853 1787 nomine
1884 1743 2009 1786 decet
2040 1742 2153 1799 patri
2184 1743 2276 1786 sive
2307 1742 2482 1799 coniugi
2516 1742 2683 1786 debitos

182 1815 375 1857 tribuere
406 1814 616 1863 honores,
657 1812 699 1855 id
734 1811 851 1866 quod
882 1819 982 1868 apte
1029 1811 1318 1868 significatum
1357 1812 1532 1856 videtur
1569 1812 1783 1857 vocabulo
1814 1813 1894 1856 καί
1919 1836 1979 1844 -
2009 1807 2124 1856 ὅσσα
2167 1807 2290 1856 ἐὀικε
2338 1810 2448 1855 καὶ
2499 1807 2525 1853 ἀ
2548 1810 2683 1864 νέρι

182 1885 400 1940 μητέρα
431 1883 611 1934 δοῦναι,
644 1896 722 1925 nec
755 1897 858 1926 vero
889 1898 989 1926 eum
1023 1881 1146 1925 decet
1177 1882 1388 1939 imperare
1418 1882 1547 1926 matri
1577 1897 1763 1940 eamque
1792 1882 1975 1926 invitam
2004 1882 2134 1925 alicui
2166 1882 2259 1925 viro
2280 1882 2324 1925 in
2360 1881 2680 1925 matrimonium

182 1956 434 2009 adiungere.

389 2022 502 2067 Cum
529 2034 682 2067 nostro
704 2024 801 2067 loco
824 2023 1020 2066 conferre
1040 2021 1203 2072 licebit,
1236 2037 1346 2079 quae
1369 2024 1410 2066 in
1429 2023 1641 2080 Aeschyli
1665 2021 1937 2081 Choephoris
1958 2038 1996 2064 v.
2018 2024 2073 2066 85
2097 2038 2154 2065 ss.
2180 2022 2286 2065 dicit
2308 2021 2504 2065 Electra:

804 2091 964 2148 τύμβῳ
996 2092 1163 2148 χέουσα
1194 2091 1324 2144 τάςδε
1353 2094 1565 2149 κηδείους
1596 2092 1718 2149 χοάς,

809 2164 904 2213 πῶς
935 2158 1119 2217 εὔφρον’
1154 2165 1287 2213 εἴπως
1320 2166 1417 2214 πῶς
1449 2162 1733 2219 κατεύξωμαι
1763 2165 1914 2217 πατρί,

812 2231 983 2285 πότερα
1014 2230 1211 2291 λέγουσα
1243 2230 1367 2286 παρὰ
1399 2236 1536 2288 φίλης
1567 2235 1686 2287 φίλῳ
1717 2231 1878 2286 φέρειν

804 2296 1026 2356 γυναικὸς
1056 2296 1207 2357 ἀνδρί,
1238 2304 1317 2358 τῆς
1346 2301 1456 2359 ἐμῆς
1486 2298 1655 2359 μητρὸς
1686 2299 1838 2355 πείρας

390 2373 511 2417 Haec
542 2387 722 2430 prorsus
755 2371 904 2428 inepte
937 2370 993 2415 ab
1026 2370 1201 2415 Electra
1230 2372 1502 2422 dicerentur,
1551 2373 1584 2414 si
1628 2386 1711 2414 non
1745 2370 1915 2413 deceret
1952 2371 2110 2414 liberos
2153 2371 2300 2413 matris
2332 2371 2526 2418 nomine,
2558 2366 2680 2422 παρὰ

179 2443 368 2501 μητρός,
410 2444 502 2486 viro
534 2450 705 2485 mortuo
737 2441 907 2484 debitos
939 2440 1145 2483 funebres
1176 2440 1365 2483 tribuere
1396 2441 1591 2483 honores.

389 2513 507 2557 Satis
539 2512 671 2569 igitur
717 2511 847 2554 huius
878 2510 964 2554 loci
994 2525 1106 2553 nova
1135 2511 1241 2554 haec
1271 2511 1575 2568 interpretatio
1613 2512 1780 2555 firmata
1827 2510 2020 2560 videtur,
2065 2526 2208 2567 neque
2238 2511 2283 2554 in
2315 2510 2422 2568 ipsis
2454 2510 2679 2554 vocabulis

179 2584 317 2626 ullum
348 2592 414 2626 est
443 2582 817 2638 impedimentum,
850 2595 940 2637 quo
971 2580 1114 2623 minus
1147 2595 1243 2623 eam
1274 2580 1527 2638 probemus,
1560 2596 1642 2624 non
1673 2581 1718 2624 in
1734 2596 1841 2625 voce
1870 2578 2003 2638 ἀνήρ,
2036 2582 2201 2638 quippe
2221 2581 2395 2638 saepius
2417 2581 2472 2625 ab
2487 2581 2680 2624 Homero

181 2654 328 2710 posita
358 2667 440 2710 pro
469 2653 631 2701 marito,
665 2665 807 2705 neque
837 2651 882 2693 in
913 2649 1047 2693 verbo
1077 2651 1256 2705 δοῦναι,
1290 2650 1403 2706 quod
1451 2649 1625 2706 quidem
1656 2666 1755 2693 cum
1787 2666 1895 2694 voce
1925 2649 2085 2704 κτέρεα
2125 2666 2211 2693 non
2251 2651 2427 2708 proprie
2458 2651 2679 2706 coniungi-

182 2737 278 2774 tur,
311 2730 413 2780 apte
444 2730 588 2764 tamen
632 2730 731 2778 post
768 2719 951 2764 verbum
990 2721 1217 2778 proprium
1258 2719 1417 2773 κτέρεα
1460 2718 1678 2773 κτερεΐξαι
1718 2735 1816 2764 cum
1856 2720 2112 2777 pronomine
2152 2715 2267 2764 ὅσσα
2311 2727 2455 2778 potest
2485 2720 2680 2778 adiungi,

179 2805 226 2835 ut
257 2791 350 2836 fieri
381 2790 559 2835 solitum
589 2799 652 2833 est
683 2804 780 2834 cum
811 2789 1027 2834 similibus
1059 2788 1212 2840 rebus,
1244 2789 1359 2833 velut
1390 2788 1468 2832 lib.
1501 2789 1634 2833 XIX.
1664 2790 1764 2833 366.
1797 2806 1833 2833 s.
1864 2792 2003 2833 πίονα
2041 2791 2162 2846 μηρί’
2200 2786 2305 2847 ἔκη’,
2349 2784 2445 2833 οὐδ’
2479 2785 2679 2841 ἐξαίτους

179 2860 450 2917 ἑκατόμβας,
497 2856 613 2903 ὅσσα
645 2855 703 2902 σὺ
732 2861 795 2916 τῷ
825 2858 1016 2915 έδίδως,
1059 2870 1102 2902 et
1131 2858 1206 2901 lib.
1238 2858 1274 2903 Ι,
1306 2874 1346 2901 v.
1378 2860 1478 2902 313.
1519 2852 1594 2901 οἷα
1626 2856 1871 2915 (κειμήλια)
1910 2861 2037 2914 φίλοι
2067 2859 2207 2910 ξεῖνοι
2235 2857 2426 2911 ξείνοισι
2454 2859 2677 2912 δίδουσιν,

179 2946 407 2989 quumque
439 2929 619 2974 verbum
651 2925 896 2983 λαγχάνειν
925 2943 1026 2972 cum
1056 2944 1163 2972 voce
1194 2937 1342 2972 nostra
1372 2927 1533 2983 κτέρεα
1564 2928 1845 2972 coniunctum
1877 2928 2115 2972 habeamus
2146 2927 2202 2971 ab
2232 2929 2330 2985 ipso
2351 2927 2559 2979 Homero,
2580 2944 2616 2972 e.
2635 2944 2676 2985 g.

183 3001 269 3043 ()d.
303 3000 360 3043 V.
392 3016 431 3043 v.
462 3001 565 3044 311.
596 3000 659 3055 τῷ
690 2993 727 3042 κ’
761 2999 925 3053 ἔλαχον
957 2998 1168 3052 κτερέων,
1217 3009 1318 3054 apte
1349 2999 1481 3042 etiam
1512 2998 1730 3042 diceretur
1759 2997 1921 3051 κτέρεα
1951 2998 2130 3042 δοῦναι.

1383 3119 1414 3163 ξ.
1448 3114 1489 3156 2.

392 3205 614 3264 Νήδυμος
644 3204 795 3258 ὕπνος
826 3231 882 3237 —-
914 3198 1052 3257 οὖλος
1077 3202 1297 3260 Ὅνειρος,
1329 3206 1455 3250 Iliad.
1487 3205 1547 3249 II.
1586 3222 1626 3249 v.
1658 3206 1684 3249 2
1715 3214 1757 3249 et
1789 3208 1829 3250 8.
1873 3205 1942 3249 De
1973 3222 2080 3251 voce
2109 3202 2315 3262 νήδυμος
2344 3221 2370 3249 a
2401 3206 2505 3248 viris
2537 3205 2676 3248 doctis

181 3280 356 3322 diversa
390 3286 493 3320 sunt
523 3279 565 3320 in
597 3277 790 3321 medium
822 3276 1017 3334 prolata:
1057 3275 1308 3319 doctissime
1349 3276 1525 3330 quidem
1567 3274 1621 3318 de
1651 3274 1747 3319 eius
1777 3276 1946 3333 origine
1987 3290 2039 3319 ac
2070 3276 2243 3319 notione
2275 3274 2517 3333 disputavit
2548 3275 2675 3318 Butt-

180 3356 370 3392 man'nus
401 3346 445 3389 in
476 3346 666 3404 lexilogo
698 3347 730 3403 §.
762 3347 833 3397 46,
864 3360 1019 3390 verum
1050 3343 1218 3399 dubito,
1250 3360 1304 3387 an
1336 3345 1573 3388 verissime.
1617 3343 1770 3389 Ortam
1801 3359 1897 3388 esse
1926 3343 2041 3388 hanc
2071 3358 2222 3388 vocem
2254 3345 2359 3389 dicit
2381 3343 2678 3387 Buttmannus

180 3419 233 3461 ab
265 3416 485 3461 adiectivo
518 3418 661 3460 somni
692 3416 873 3474 proprio
901 3410 1042 3473 ἡδύς,
1085 3414 1146 3458 ita
1184 3424 1231 3457 ut
1268 3412 1472 3471 νήδυμος
1512 3409 1662 3465 ὕπνος
1700 3422 1741 3458 et
1778 3408 1891 3471 ἡδὺς
1932 3410 2081 3465 ὕπνος
2109 3414 2200 3458 fere
2232 3415 2288 3457 sit
2325 3413 2467 3465 idem,
2510 3413 2676 3457 scilicet

179 3490 344 3538 suavis,-
374 3487 545 3531 literam
576 3503 605 3530 ν
637 3487 888 3545 suspicatur
918 3486 1042 3529 initio
1073 3484 1267 3528 additam
1298 3499 1396 3529 esse
1426 3499 1481 3529 ex
1512 3483 1714 3542 neglecto
1744 3483 2012 3542 digammate
2043 3484 2164 3528 vocis
2193 3478 2321 3541 ἡδύς.
2377 3482 2676 3533 Aristarchus,
