<?xml version="1.0" encoding="UTF-8"?>
<!DOCTYPE html PUBLIC "-//W3C//DTD XHTML 1.0 Transitional//EN"
    "http://www.w3.org/TR/xhtml1/DTD/xhtml1-transitional.dtd">
<html xmlns="http://www.w3.org/1999/xhtml" xml:lang="en" lang="en">
 <head>
  <title>
</title>
<meta http-equiv="Content-Type" content="text/html;charset=utf-8" />
  <meta name='ocr-system' content='tesseract 3.04.00' />
  <meta name='ocr-capabilities' content='ocr_page ocr_carea ocr_par ocr_line ocrx_word'/>
</head>
<body>
  <div class='ocr_page' id='page_1' title='image "4775046_0009.png"; bbox 0 0 2853 3720; ppageno 0'>
   <div class='ocr_carea' id='block_1_1' title="bbox 1408 85 1463 126">
    <p class='ocr_par' dir='ltr' id='par_1_1' title="bbox 1408 85 1463 126">
     <span class='ocr_line' id='line_1_1' title="bbox 1408 85 1463 126; baseline 0 0"><span class='ocrx_word' id='word_1_1' title='bbox 1408 85 1463 126; x_wconf 75' lang='lat'>13</span> 
     </span>
    </p>
   </div>
   <div class='ocr_carea' id='block_1_2' title="bbox 193 219 2696 3408">
    <p class='ocr_par' dir='ltr' id='par_1_2' title="bbox 193 219 2666 432">
     <span class='ocr_line' id='line_1_2' title="bbox 193 219 2666 293; baseline -0.007 -12"><span class='ocrx_word' id='word_1_2' title='bbox 193 235 281 282; x_wconf 81' lang='grc' dir='ltr'>απὸ</span> <span class='ocrx_word' id='word_1_3' title='bbox 312 234 526 293; x_wconf 72' lang='grc' dir='ltr'>μεγάροιο</span> <span class='ocrx_word' id='word_1_4' title='bbox 556 235 736 277; x_wconf 77' lang='grc' dir='ltr'>δίεσθαι</span> <span class='ocrx_word' id='word_1_5' title='bbox 767 229 904 289; x_wconf 74' lang='grc' dir='ltr'>μύθῳ</span> <span class='ocrx_word' id='word_1_6' title='bbox 932 226 1169 287; x_wconf 73' lang='grc' dir='ltr'><em>ἀναγκαίῳ.</em></span> <span class='ocrx_word' id='word_1_7' title='bbox 1214 226 1463 271; x_wconf 79' lang='lat' dir='ltr'><strong>Telemachi</strong></span> <span class='ocrx_word' id='word_1_8' title='bbox 1493 226 1599 269; x_wconf 86' lang='lat' dir='ltr'>haec</span> <span class='ocrx_word' id='word_1_9' title='bbox 1629 223 1764 267; x_wconf 86' lang='lat' dir='ltr'>verba</span> <span class='ocrx_word' id='word_1_10' title='bbox 1793 238 1833 265; x_wconf 88' lang='lat' dir='ltr'>v.</span> <span class='ocrx_word' id='word_1_11' title='bbox 1866 223 2095 266; x_wconf 80' lang='lat'><strong>340—344</strong></span> <span class='ocrx_word' id='word_1_12' title='bbox 2125 221 2179 264; x_wconf 92' lang='lat' dir='ltr'>de</span> <span class='ocrx_word' id='word_1_13' title='bbox 2209 228 2332 276; x_wconf 88' lang='lat' dir='ltr'>patre</span> <span class='ocrx_word' id='word_1_14' title='bbox 2361 220 2460 264; x_wconf 88' lang='lat' dir='ltr'>ficta</span> <span class='ocrx_word' id='word_1_15' title='bbox 2490 219 2666 278; x_wconf 89' lang='lat' dir='ltr'>quidem</span> 
     </span>
     <span class='ocr_line' id='line_1_3' title="bbox 196 290 2666 363; baseline -0.006 -13"><span class='ocrx_word' id='word_1_16' title='bbox 196 316 318 359; x_wconf 89' lang='lat' dir='ltr'>sunt,</span> <span class='ocrx_word' id='word_1_17' title='bbox 363 306 524 363; x_wconf 84' lang='lat' dir='ltr'>quippe</span> <span class='ocrx_word' id='word_1_18' title='bbox 567 302 742 347; x_wconf 87' lang='lat' dir='ltr'>scientis</span> <span class='ocrx_word' id='word_1_19' title='bbox 786 302 872 344; x_wconf 92' lang='lat' dir='ltr'>iam</span> <span class='ocrx_word' id='word_1_20' title='bbox 902 299 1057 344; x_wconf 84' lang='lat' dir='ltr'>adesse</span> <span class='ocrx_word' id='word_1_21' title='bbox 1097 305 1288 356; x_wconf 85' lang='lat' dir='ltr'>patrem,</span> <span class='ocrx_word' id='word_1_22' title='bbox 1329 295 1407 339; x_wconf 91' lang='lat' dir='ltr'>sed</span> <span class='ocrx_word' id='word_1_23' title='bbox 1447 295 1503 338; x_wconf 95' lang='lat' dir='ltr'>de</span> <span class='ocrx_word' id='word_1_24' title='bbox 1532 294 1696 351; x_wconf 90' lang='lat' dir='ltr'>nuptiis</span> <span class='ocrx_word' id='word_1_25' title='bbox 1726 292 1876 335; x_wconf 84' lang='lat' dir='ltr'>addita</span> <span class='ocrx_word' id='word_1_26' title='bbox 1907 290 2040 335; x_wconf 87' lang='lat' dir='ltr'>verba</span> <span class='ocrx_word' id='word_1_27' title='bbox 2068 305 2243 334; x_wconf 89' lang='lat' dir='ltr'>necesse</span> <span class='ocrx_word' id='word_1_28' title='bbox 2272 301 2337 335; x_wconf 90' lang='lat' dir='ltr'>est</span> <span class='ocrx_word' id='word_1_29' title='bbox 2367 291 2666 337; x_wconf 81' lang='lat' dir='ltr'>existimemus</span> 
     </span>
     <span class='ocr_line' id='line_1_4' title="bbox 194 362 1822 432; baseline -0.01 -13"><span class='ocrx_word' id='word_1_30' title='bbox 194 383 296 432; x_wconf 87' lang='lat' dir='ltr'>apta</span> <span class='ocrx_word' id='word_1_31' title='bbox 324 389 418 417; x_wconf 88' lang='lat' dir='ltr'>esse</span> <span class='ocrx_word' id='word_1_32' title='bbox 448 372 504 417; x_wconf 83' lang='lat' dir='ltr'>ad</span> <span class='ocrx_word' id='word_1_33' title='bbox 534 387 628 415; x_wconf 85' lang='lat' dir='ltr'>eam</span> <span class='ocrx_word' id='word_1_34' title='bbox 660 386 772 425; x_wconf 87' lang='lat' dir='ltr'>quae</span> <span class='ocrx_word' id='word_1_35' title='bbox 802 384 905 413; x_wconf 84' lang='lat' dir='ltr'>vere</span> <span class='ocrx_word' id='word_1_36' title='bbox 933 376 999 411; x_wconf 87' lang='lat' dir='ltr'>est</span> <span class='ocrx_word' id='word_1_37' title='bbox 1027 367 1141 409; x_wconf 86' lang='lat' dir='ltr'>inter</span> <span class='ocrx_word' id='word_1_38' title='bbox 1169 373 1351 408; x_wconf 87' lang='lat' dir='ltr'>matrem</span> <span class='ocrx_word' id='word_1_39' title='bbox 1381 372 1425 407; x_wconf 88' lang='lat' dir='ltr'>et</span> <span class='ocrx_word' id='word_1_40' title='bbox 1453 363 1590 406; x_wconf 91' lang='lat' dir='ltr'>filium</span> <span class='ocrx_word' id='word_1_41' title='bbox 1619 362 1822 405; x_wconf 87' lang='lat' dir='ltr'>conditio.</span> 
     </span>
    </p>

    <p class='ocr_par' dir='ltr' id='par_1_3' title="bbox 195 429 2671 981">
     <span class='ocr_line' id='line_1_5' title="bbox 401 429 2666 499; baseline -0.005 -14"><span class='ocrx_word' id='word_1_42' title='bbox 401 441 526 485; x_wconf 85' lang='lat' dir='ltr'>Haec</span> <span class='ocrx_word' id='word_1_43' title='bbox 567 439 858 499; x_wconf 88' lang='lat' dir='ltr'>potissimum,</span> <span class='ocrx_word' id='word_1_44' title='bbox 898 435 1059 482; x_wconf 88' lang='lat' dir='ltr'>additis</span> <span class='ocrx_word' id='word_1_45' title='bbox 1090 450 1201 492; x_wconf 90' lang='lat' dir='ltr'>quae</span> <span class='ocrx_word' id='word_1_46' title='bbox 1238 434 1439 478; x_wconf 90' lang='lat' dir='ltr'>addenda</span> <span class='ocrx_word' id='word_1_47' title='bbox 1475 431 1760 482; x_wconf 85' lang='lat' dir='ltr'>videbantur,</span> <span class='ocrx_word' id='word_1_48' title='bbox 1801 432 1893 475; x_wconf 88' lang='lat' dir='ltr'>fere</span> <span class='ocrx_word' id='word_1_49' title='bbox 1937 429 2143 486; x_wconf 81' lang='lat' dir='ltr'>rescripsi</span> <span class='ocrx_word' id='word_1_50' title='bbox 2186 444 2239 472; x_wconf 87' lang='lat' dir='ltr'>ex</span> <span class='ocrx_word' id='word_1_51' title='bbox 2270 429 2559 474; x_wconf 89' lang='lat' dir='ltr'>confluentino</span> <span class='ocrx_word' id='word_1_52' title='bbox 2590 431 2666 474; x_wconf 92' lang='lat' dir='ltr'>illo</span> 
     </span>
     <span class='ocr_line' id='line_1_6' title="bbox 196 499 2668 569; baseline -0.005 -13"><span class='ocrx_word' id='word_1_53' title='bbox 196 510 359 565; x_wconf 86' lang='lat' dir='ltr'>libello,</span> <span class='ocrx_word' id='word_1_54' title='bbox 392 510 553 569; x_wconf 88' lang='lat' dir='ltr'>quippe</span> <span class='ocrx_word' id='word_1_55' title='bbox 584 525 715 568; x_wconf 88' lang='lat' dir='ltr'>quem</span> <span class='ocrx_word' id='word_1_56' title='bbox 745 509 834 552; x_wconf 91' lang='lat' dir='ltr'>iam</span> <span class='ocrx_word' id='word_1_57' title='bbox 863 507 909 550; x_wconf 90' lang='lat' dir='ltr'>in</span> <span class='ocrx_word' id='word_1_58' title='bbox 938 504 1158 550; x_wconf 83' lang='lat' dir='ltr'>oblivione</span> <span class='ocrx_word' id='word_1_59' title='bbox 1190 504 1403 548; x_wconf 91' lang='lat' dir='ltr'>iacentem</span> <span class='ocrx_word' id='word_1_60' title='bbox 1432 502 1671 548; x_wconf 88' lang='lat' dir='ltr'>existimari</span> <span class='ocrx_word' id='word_1_61' title='bbox 1700 516 1787 545; x_wconf 88' lang='lat' dir='ltr'>non</span> <span class='ocrx_word' id='word_1_62' title='bbox 1816 501 1945 544; x_wconf 88' lang='lat' dir='ltr'>liceat</span> <span class='ocrx_word' id='word_1_63' title='bbox 1975 516 2048 545; x_wconf 90' lang='lat' dir='ltr'>eos</span> <span class='ocrx_word' id='word_1_64' title='bbox 2082 499 2137 543; x_wconf 91' lang='lat' dir='ltr'>ad</span> <span class='ocrx_word' id='word_1_65' title='bbox 2167 514 2342 543; x_wconf 88' lang='lat' dir='ltr'>manum</span> <span class='ocrx_word' id='word_1_66' title='bbox 2374 499 2551 550; x_wconf 87' lang='lat' dir='ltr'>habere,</span> <span class='ocrx_word' id='word_1_67' title='bbox 2594 502 2668 558; x_wconf 91' lang='lat' dir='ltr'>qui</span> 
     </span>
     <span class='ocr_line' id='line_1_7' title="bbox 195 571 2665 635; baseline -0.005 -9"><span class='ocrx_word' id='word_1_68' title='bbox 195 583 349 626; x_wconf 85' lang='lat' dir='ltr'>lecturi</span> <span class='ocrx_word' id='word_1_69' title='bbox 378 590 593 625; x_wconf 86' lang='lat' dir='ltr'>recentem</span> <span class='ocrx_word' id='word_1_70' title='bbox 615 580 727 622; x_wconf 91' lang='lat' dir='ltr'>hanc</span> <span class='ocrx_word' id='word_1_71' title='bbox 747 577 1027 635; x_wconf 82' lang='lat' dir='ltr'>scriptionem</span> <span class='ocrx_word' id='word_1_72' title='bbox 1057 574 1240 633; x_wconf 89' lang='lat' dir='ltr'>putandi</span> <span class='ocrx_word' id='word_1_73' title='bbox 1262 583 1375 617; x_wconf 79' lang='lat' dir='ltr'>sunt.</span> <span class='ocrx_word' id='word_1_74' title='bbox 1418 573 1681 617; x_wconf 83' lang='lat' dir='ltr'>criticorum</span> <span class='ocrx_word' id='word_1_75' title='bbox 1700 572 1846 628; x_wconf 89' lang='lat' dir='ltr'>plures</span> <span class='ocrx_word' id='word_1_76' title='bbox 1867 578 2313 615; x_wconf 86' lang='lat' dir='ltr'>commemoraverunt</span> <span class='ocrx_word' id='word_1_77' title='bbox 2335 585 2414 613; x_wconf 89' lang='lat' dir='ltr'>suo</span> <span class='ocrx_word' id='word_1_78' title='bbox 2438 571 2532 614; x_wconf 94' lang='lat' dir='ltr'>loco</span> <span class='ocrx_word' id='word_1_79' title='bbox 2553 572 2665 614; x_wconf 92' lang='lat' dir='ltr'>hanc</span> 
     </span>
     <span class='ocr_line' id='line_1_8' title="bbox 198 639 2667 701; baseline -0.004 -8"><span class='ocrx_word' id='word_1_80' title='bbox 198 664 337 693; x_wconf 87' lang='lat' dir='ltr'>meam</span> <span class='ocrx_word' id='word_1_81' title='bbox 367 649 452 692; x_wconf 91' lang='lat' dir='ltr'>ista</span> <span class='ocrx_word' id='word_1_82' title='bbox 480 646 615 691; x_wconf 89' lang='lat' dir='ltr'>verba</span> <span class='ocrx_word' id='word_1_83' title='bbox 647 645 697 701; x_wconf 89' lang='lat' dir='ltr'>(I.</span> <span class='ocrx_word' id='word_1_84' title='bbox 727 661 766 689; x_wconf 85' lang='lat' dir='ltr'>v.</span> <span class='ocrx_word' id='word_1_85' title='bbox 796 646 900 694; x_wconf 79' lang='lat'>292)</span> <span class='ocrx_word' id='word_1_86' title='bbox 930 642 1240 700; x_wconf 88' lang='lat' dir='ltr'>interpretandi</span> <span class='ocrx_word' id='word_1_87' title='bbox 1270 641 1498 694; x_wconf 85' lang='lat' dir='ltr'>rationem,</span> <span class='ocrx_word' id='word_1_88' title='bbox 1540 657 1665 685; x_wconf 92' lang='lat' dir='ltr'>nemo</span> <span class='ocrx_word' id='word_1_89' title='bbox 1704 640 1933 691; x_wconf 84' lang='lat' dir='ltr'>refutavit3</span> <span class='ocrx_word' id='word_1_90' title='bbox 1974 656 2076 684; x_wconf 89' lang='lat' dir='ltr'>nam</span> <span class='ocrx_word' id='word_1_91' title='bbox 2105 641 2150 683; x_wconf 89' lang='lat' dir='ltr'>in</span> <span class='ocrx_word' id='word_1_92' title='bbox 2180 639 2329 684; x_wconf 82' lang='lat' dir='ltr'>Jahnii</span> <span class='ocrx_word' id='word_1_93' title='bbox 2369 642 2493 683; x_wconf 88' lang='lat' dir='ltr'>novis</span> <span class='ocrx_word' id='word_1_94' title='bbox 2531 657 2667 684; x_wconf 88' lang='lat' dir='ltr'>anna·</span> 
     </span>
     <span class='ocr_line' id='line_1_9' title="bbox 195 710 2671 776; baseline -0.003 -14"><span class='ocrx_word' id='word_1_95' title='bbox 195 718 314 762; x_wconf 90' lang='lat' dir='ltr'>libus</span> <span class='ocrx_word' id='word_1_96' title='bbox 343 716 619 776; x_wconf 86' lang='lat' dir='ltr'>philologieis</span> <span class='ocrx_word' id='word_1_97' title='bbox 651 725 693 759; x_wconf 90' lang='lat' dir='ltr'>et</span> <span class='ocrx_word' id='word_1_98' title='bbox 722 713 1031 772; x_wconf 86' lang='lat' dir='ltr'>paedagogicis</span> <span class='ocrx_word' id='word_1_99' title='bbox 1046 711 1084 764; x_wconf 91' lang='lat'>*)</span> <span class='ocrx_word' id='word_1_100' title='bbox 1115 711 1407 757; x_wconf 89' lang='lat' dir='ltr'>Grimmensis</span> <span class='ocrx_word' id='word_1_101' title='bbox 1437 711 1507 754; x_wconf 90' lang='lat' dir='ltr'>ille</span> <span class='ocrx_word' id='word_1_102' title='bbox 1539 710 1807 753; x_wconf 89' lang='lat' dir='ltr'>clarissimus</span> <span class='ocrx_word' id='word_1_103' title='bbox 1828 719 1959 764; x_wconf 91' lang='lat' dir='ltr'>atque</span> <span class='ocrx_word' id='word_1_104' title='bbox 1987 710 2266 753; x_wconf 89' lang='lat' dir='ltr'>doctissimus</span> <span class='ocrx_word' id='word_1_105' title='bbox 2287 711 2370 760; x_wconf 87' lang='lat' dir='ltr'>vir,</span> <span class='ocrx_word' id='word_1_106' title='bbox 2406 710 2671 760; x_wconf 88' lang='lat' dir='ltr'>Dietschius‚</span> 
     </span>
     <span class='ocr_line' id='line_1_10' title="bbox 197 779 2671 843; baseline -0.004 -11"><span class='ocrx_word' id='word_1_107' title='bbox 197 803 285 832; x_wconf 92' lang='lat' dir='ltr'>non</span> <span class='ocrx_word' id='word_1_108' title='bbox 317 794 434 831; x_wconf 88' lang='lat' dir='ltr'>certa</span> <span class='ocrx_word' id='word_1_109' title='bbox 464 784 670 843; x_wconf 91' lang='lat' dir='ltr'>opposuit</span> <span class='ocrx_word' id='word_1_110' title='bbox 701 791 971 841; x_wconf 89' lang='lat' dir='ltr'>argumenta,</span> <span class='ocrx_word' id='word_1_111' title='bbox 1003 797 1157 825; x_wconf 90' lang='lat' dir='ltr'>verum</span> <span class='ocrx_word' id='word_1_112' title='bbox 1187 781 1358 825; x_wconf 87' lang='lat' dir='ltr'>dubitat</span> <span class='ocrx_word' id='word_1_113' title='bbox 1388 780 1533 832; x_wconf 92' lang='lat' dir='ltr'>modo,</span> <span class='ocrx_word' id='word_1_114' title='bbox 1566 780 1772 836; x_wconf 88' lang='lat' dir='ltr'>quoniam</span> <span class='ocrx_word' id='word_1_115' title='bbox 1802 796 1888 823; x_wconf 93' lang='lat' dir='ltr'>non</span> <span class='ocrx_word' id='word_1_116' title='bbox 1920 779 2154 835; x_wconf 83' lang='lat' dir='ltr'>intelligat,</span> <span class='ocrx_word' id='word_1_117' title='bbox 2200 779 2274 835; x_wconf 92' lang='lat' dir='ltr'>qui</span> <span class='ocrx_word' id='word_1_118' title='bbox 2304 779 2397 822; x_wconf 91' lang='lat' dir='ltr'>fieri</span> <span class='ocrx_word' id='word_1_119' title='bbox 2430 781 2593 835; x_wconf 85' lang='lat' dir='ltr'>possit,</span> <span class='ocrx_word' id='word_1_120' title='bbox 2625 790 2671 823; x_wconf 87' lang='lat' dir='ltr'>ut</span> 
     </span>
     <span class='ocr_line' id='line_1_11' title="bbox 195 847 2670 910; baseline -0.002 -11"><span class='ocrx_word' id='word_1_121' title='bbox 195 857 314 900; x_wconf 88' lang='lat' dir='ltr'>filius</span> <span class='ocrx_word' id='word_1_122' title='bbox 346 854 508 898; x_wconf 87' lang='lat' dir='ltr'>tribuat</span> <span class='ocrx_word' id='word_1_123' title='bbox 538 853 652 910; x_wconf 85' lang='lat' dir='ltr'>patri</span> <span class='ocrx_word' id='word_1_124' title='bbox 682 852 885 904; x_wconf 91' lang='lat' dir='ltr'>honores,</span> <span class='ocrx_word' id='word_1_125' title='bbox 915 865 1026 908; x_wconf 89' lang='lat' dir='ltr'>quos</span> <span class='ocrx_word' id='word_1_126' title='bbox 1046 858 1185 895; x_wconf 89' lang='lat' dir='ltr'>mater</span> <span class='ocrx_word' id='word_1_127' title='bbox 1206 849 1362 894; x_wconf 90' lang='lat' dir='ltr'>debeat</span> <span class='ocrx_word' id='word_1_128' title='bbox 1382 848 1549 901; x_wconf 88' lang='lat' dir='ltr'>marito,</span> <span class='ocrx_word' id='word_1_129' title='bbox 1581 856 1624 892; x_wconf 90' lang='lat' dir='ltr'>et</span> <span class='ocrx_word' id='word_1_130' title='bbox 1653 848 1859 906; x_wconf 92' lang='lat' dir='ltr'>quoniam</span> <span class='ocrx_word' id='word_1_131' title='bbox 1889 848 2000 892; x_wconf 89' lang='lat' dir='ltr'>alius</span> <span class='ocrx_word' id='word_1_132' title='bbox 2022 847 2249 905; x_wconf 82' lang='lat' dir='ltr'>Odysseae</span> <span class='ocrx_word' id='word_1_133' title='bbox 2270 847 2407 899; x_wconf 82' lang='lat' dir='ltr'>locus,</span> <span class='ocrx_word' id='word_1_134' title='bbox 2438 848 2496 892; x_wconf 88' lang='grc' dir='ltr'>ΙΙ.</span> <span class='ocrx_word' id='word_1_135' title='bbox 2517 865 2557 892; x_wconf 88' lang='lat' dir='ltr'>v.</span> <span class='ocrx_word' id='word_1_136' title='bbox 2575 850 2670 897; x_wconf 76' lang='lat'>223,</span> 
     </span>
     <span class='ocr_line' id='line_1_12' title="bbox 199 918 2492 981; baseline -0.003 -12"><span class='ocrx_word' id='word_1_137' title='bbox 199 925 275 981; x_wconf 93' lang='lat' dir='ltr'>qui</span> <span class='ocrx_word' id='word_1_138' title='bbox 306 932 424 969; x_wconf 85' lang='lat' dir='ltr'>certe</span> <span class='ocrx_word' id='word_1_139' title='bbox 455 923 630 967; x_wconf 88' lang='lat' dir='ltr'>videtur</span> <span class='ocrx_word' id='word_1_140' title='bbox 659 920 902 966; x_wconf 90' lang='lat' dir='ltr'>contrarius</span> <span class='ocrx_word' id='word_1_141' title='bbox 933 935 1041 973; x_wconf 88' lang='lat' dir='ltr'>esse,</span> <span class='ocrx_word' id='word_1_142' title='bbox 1072 928 1116 964; x_wconf 90' lang='lat' dir='ltr'>et</span> <span class='ocrx_word' id='word_1_143' title='bbox 1145 933 1274 963; x_wconf 86' lang='lat' dir='ltr'>mser.</span> <span class='ocrx_word' id='word_1_144' title='bbox 1307 918 1509 963; x_wconf 89' lang='lat' dir='ltr'>codicum</span> <span class='ocrx_word' id='word_1_145' title='bbox 1539 928 1582 962; x_wconf 92' lang='lat' dir='ltr'>et</span> <span class='ocrx_word' id='word_1_146' title='bbox 1612 919 1875 962; x_wconf 88' lang='lat' dir='ltr'>scholiorum</span> <span class='ocrx_word' id='word_1_147' title='bbox 1907 919 2165 961; x_wconf 89' lang='lat' dir='ltr'>auctoritate</span> <span class='ocrx_word' id='word_1_148' title='bbox 2195 918 2393 960; x_wconf 88' lang='lat' dir='ltr'>firmatus</span> <span class='ocrx_word' id='word_1_149' title='bbox 2425 919 2492 962; x_wconf 90' lang='lat' dir='ltr'>sit.</span> 
     </span>
    </p>

    <p class='ocr_par' dir='ltr' id='par_1_4' title="bbox 201 986 2679 1533">
     <span class='ocr_line' id='line_1_13' title="bbox 407 986 2673 1050; baseline -0.002 -14"><span class='ocrx_word' id='word_1_150' title='bbox 407 992 623 1050; x_wconf 84' lang='lat' dir='ltr'>Equidem</span> <span class='ocrx_word' id='word_1_151' title='bbox 656 992 693 1035; x_wconf 87' lang='lat' dir='ltr'>si</span> <span class='ocrx_word' id='word_1_152' title='bbox 723 1000 866 1043; x_wconf 88' lang='lat' dir='ltr'>antea,</span> <span class='ocrx_word' id='word_1_153' title='bbox 897 997 948 1033; x_wconf 93' lang='lat' dir='ltr'>ut</span> <span class='ocrx_word' id='word_1_154' title='bbox 976 990 1134 1045; x_wconf 90' lang='lat' dir='ltr'>loquar</span> <span class='ocrx_word' id='word_1_155' title='bbox 1163 1003 1261 1032; x_wconf 93' lang='lat' dir='ltr'>cum</span> <span class='ocrx_word' id='word_1_156' title='bbox 1297 987 1531 1040; x_wconf 90' lang='lat' dir='ltr'>Cicerone,</span> <span class='ocrx_word' id='word_1_157' title='bbox 1578 988 1653 1043; x_wconf 94' lang='lat' dir='ltr'>qui</span> <span class='ocrx_word' id='word_1_158' title='bbox 1684 988 1727 1031; x_wconf 90' lang='lat' dir='ltr'>in</span> <span class='ocrx_word' id='word_1_159' title='bbox 1758 988 1920 1030; x_wconf 91' lang='lat' dir='ltr'>iudicio</span> <span class='ocrx_word' id='word_1_160' title='bbox 1952 987 2211 1030; x_wconf 89' lang='lat' dir='ltr'>defensurus</span> <span class='ocrx_word' id='word_1_161' title='bbox 2242 986 2453 1030; x_wconf 89' lang='lat' dir='ltr'>Milonem</span> <span class='ocrx_word' id='word_1_162' title='bbox 2493 989 2596 1031; x_wconf 86' lang='lat' dir='ltr'>dicit</span> <span class='ocrx_word' id='word_1_163' title='bbox 2631 1006 2673 1031; x_wconf 71' lang='lat' dir='ltr'>se</span> 
     </span>
     <span class='ocr_line' id='line_1_14' title="bbox 203 1057 2674 1122; baseline -0.003 -14"><span class='ocrx_word' id='word_1_164' title='bbox 203 1080 289 1108; x_wconf 90' lang='lat' dir='ltr'>non</span> <span class='ocrx_word' id='word_1_165' title='bbox 321 1063 501 1122; x_wconf 91' lang='lat' dir='ltr'>quidem</span> <span class='ocrx_word' id='word_1_166' title='bbox 531 1062 694 1112; x_wconf 88' lang='lat' dir='ltr'>timere,</span> <span class='ocrx_word' id='word_1_167' title='bbox 726 1060 804 1103; x_wconf 87' lang='lat' dir='ltr'>sed</span> <span class='ocrx_word' id='word_1_168' title='bbox 834 1074 889 1102; x_wconf 93' lang='lat' dir='ltr'>ne</span> <span class='ocrx_word' id='word_1_169' title='bbox 918 1074 1003 1102; x_wconf 92' lang='lat' dir='ltr'>non</span> <span class='ocrx_word' id='word_1_170' title='bbox 1036 1059 1188 1101; x_wconf 91' lang='lat' dir='ltr'>timere</span> <span class='ocrx_word' id='word_1_171' title='bbox 1220 1058 1393 1115; x_wconf 90' lang='lat' dir='ltr'>quidem</span> <span class='ocrx_word' id='word_1_172' title='bbox 1425 1073 1558 1116; x_wconf 88' lang='lat' dir='ltr'>posse</span> <span class='ocrx_word' id='word_1_173' title='bbox 1588 1059 1680 1101; x_wconf 92' lang='lat' dir='ltr'>sine</span> <span class='ocrx_word' id='word_1_174' title='bbox 1711 1057 1856 1114; x_wconf 84' lang='lat' dir='ltr'>aliquo</span> <span class='ocrx_word' id='word_1_175' title='bbox 1887 1057 2054 1108; x_wconf 87' lang='lat' dir='ltr'>timore,</span> <span class='ocrx_word' id='word_1_176' title='bbox 2086 1057 2123 1100; x_wconf 91' lang='lat' dir='ltr'>si</span> <span class='ocrx_word' id='word_1_177' title='bbox 2154 1065 2283 1101; x_wconf 88' lang='lat' dir='ltr'>antea</span> <span class='ocrx_word' id='word_1_178' title='bbox 2312 1057 2449 1115; x_wconf 89' lang='lat' dir='ltr'>igitur</span> <span class='ocrx_word' id='word_1_179' title='bbox 2478 1073 2559 1115; x_wconf 86' lang='lat' dir='ltr'>ego</span> <span class='ocrx_word' id='word_1_180' title='bbox 2590 1075 2674 1101; x_wconf 75' lang='lat' dir='ltr'>nnn</span> 
     </span>
     <span class='ocr_line' id='line_1_15' title="bbox 206 1126 2675 1190; baseline -0.002 -13"><span class='ocrx_word' id='word_1_181' title='bbox 206 1135 382 1190; x_wconf 90' lang='lat' dir='ltr'>quidem</span> <span class='ocrx_word' id='word_1_182' title='bbox 413 1132 627 1183; x_wconf 87' lang='lat' dir='ltr'>dubitavi,</span> <span class='ocrx_word' id='word_1_183' title='bbox 659 1138 956 1173; x_wconf 86' lang='lat' dir='ltr'>verumtamen</span> <span class='ocrx_word' id='word_1_184' title='bbox 987 1128 1033 1171; x_wconf 89' lang='lat' dir='ltr'>id</span> <span class='ocrx_word' id='word_1_185' title='bbox 1063 1142 1150 1172; x_wconf 91' lang='lat' dir='ltr'>non</span> <span class='ocrx_word' id='word_1_186' title='bbox 1180 1128 1273 1170; x_wconf 91' lang='lat' dir='ltr'>sine</span> <span class='ocrx_word' id='word_1_187' title='bbox 1303 1128 1420 1171; x_wconf 91' lang='lat' dir='ltr'>omni</span> <span class='ocrx_word' id='word_1_188' title='bbox 1450 1127 1739 1179; x_wconf 83' lang='lat' dir='ltr'>dubitatione,</span> <span class='ocrx_word' id='word_1_189' title='bbox 1773 1140 1890 1169; x_wconf 90' lang='lat' dir='ltr'>nunc</span> <span class='ocrx_word' id='word_1_190' title='bbox 1921 1127 2061 1170; x_wconf 84' lang='lat' dir='ltr'>fateor</span> <span class='ocrx_word' id='word_1_191' title='bbox 2089 1141 2261 1170; x_wconf 92' lang='lat' dir='ltr'>omnem</span> <span class='ocrx_word' id='word_1_192' title='bbox 2282 1126 2335 1171; x_wconf 91' lang='lat' dir='ltr'>de</span> <span class='ocrx_word' id='word_1_193' title='bbox 2356 1127 2434 1170; x_wconf 87' lang='lat' dir='ltr'>illa</span> <span class='ocrx_word' id='word_1_194' title='bbox 2463 1127 2675 1185; x_wconf 89' lang='lat' dir='ltr'>interpre-</span> 
     </span>
     <span class='ocr_line' id='line_1_16' title="bbox 204 1195 2676 1258; baseline -0.002 -13"><span class='ocrx_word' id='word_1_195' title='bbox 204 1204 370 1247; x_wconf 87' lang='lat' dir='ltr'>tatione</span> <span class='ocrx_word' id='word_1_196' title='bbox 399 1216 541 1245; x_wconf 88' lang='lat' dir='ltr'>meam</span> <span class='ocrx_word' id='word_1_197' title='bbox 570 1199 710 1258; x_wconf 86' lang='lat' dir='ltr'>ipsius</span> <span class='ocrx_word' id='word_1_198' title='bbox 742 1198 1079 1249; x_wconf 86' lang='lat' dir='ltr'>dubitationem,</span> <span class='ocrx_word' id='word_1_199' title='bbox 1121 1197 1504 1256; x_wconf 89' lang='lat' dir='ltr'>quantulacunque</span> <span class='ocrx_word' id='word_1_200' title='bbox 1543 1197 1648 1250; x_wconf 83' lang='lat' dir='ltr'>fuit,</span> <span class='ocrx_word' id='word_1_201' title='bbox 1690 1196 1850 1239; x_wconf 89' lang='lat' dir='ltr'>iterum</span> <span class='ocrx_word' id='word_1_202' title='bbox 1894 1195 2140 1250; x_wconf 87' lang='lat' dir='ltr'>iterumque</span> <span class='ocrx_word' id='word_1_203' title='bbox 2184 1196 2421 1253; x_wconf 88' lang='lat' dir='ltr'>perspectis</span> <span class='ocrx_word' id='word_1_204' title='bbox 2453 1211 2676 1254; x_wconf 84' lang='lat' dir='ltr'>compara·</span> 
     </span>
     <span class='ocr_line' id='line_1_17' title="bbox 201 1264 2678 1330; baseline -0.002 -14"><span class='ocrx_word' id='word_1_205' title='bbox 201 1275 347 1330; x_wconf 88' lang='lat' dir='ltr'>tisque</span> <span class='ocrx_word' id='word_1_206' title='bbox 376 1269 577 1314; x_wconf 91' lang='lat' dir='ltr'>omnibus</span> <span class='ocrx_word' id='word_1_207' title='bbox 607 1269 693 1311; x_wconf 87' lang='lat' dir='ltr'>illis</span> <span class='ocrx_word' id='word_1_208' title='bbox 723 1269 829 1311; x_wconf 88' lang='lat' dir='ltr'>locis</span> <span class='ocrx_word' id='word_1_209' title='bbox 859 1281 1039 1323; x_wconf 89' lang='lat' dir='ltr'>prorsus</span> <span class='ocrx_word' id='word_1_210' title='bbox 1069 1281 1137 1309; x_wconf 92' lang='lat' dir='ltr'>me</span> <span class='ocrx_word' id='word_1_211' title='bbox 1167 1266 1377 1310; x_wconf 88' lang='lat' dir='ltr'>abiecisse</span> <span class='ocrx_word' id='word_1_212' title='bbox 1408 1274 1450 1311; x_wconf 90' lang='lat' dir='ltr'>et</span> <span class='ocrx_word' id='word_1_213' title='bbox 1479 1268 1609 1326; x_wconf 92' lang='lat' dir='ltr'>plane</span> <span class='ocrx_word' id='word_1_214' title='bbox 1639 1265 1744 1308; x_wconf 91' lang='lat' dir='ltr'>mihi</span> <span class='ocrx_word' id='word_1_215' title='bbox 1775 1280 2035 1324; x_wconf 88' lang='lat' dir='ltr'>persuasum</span> <span class='ocrx_word' id='word_1_216' title='bbox 2065 1264 2246 1318; x_wconf 87' lang='lat' dir='ltr'>habere,</span> <span class='ocrx_word' id='word_1_217' title='bbox 2288 1265 2385 1309; x_wconf 89' lang='lat' dir='ltr'>istis</span> <span class='ocrx_word' id='word_1_218' title='bbox 2416 1264 2582 1318; x_wconf 89' lang='lat' dir='ltr'>verbis,</span> <span class='ocrx_word' id='word_1_219' title='bbox 2625 1267 2678 1310; x_wconf 88' lang='lat' dir='ltr'>de</span> 
     </span>
     <span class='ocr_line' id='line_1_18' title="bbox 203 1333 2678 1398; baseline -0.002 -13"><span class='ocrx_word' id='word_1_220' title='bbox 203 1341 364 1398; x_wconf 88' lang='lat' dir='ltr'>quibus</span> <span class='ocrx_word' id='word_1_221' title='bbox 385 1339 624 1397; x_wconf 90' lang='lat' dir='ltr'>quaeritur,</span> <span class='ocrx_word' id='word_1_222' title='bbox 657 1336 729 1380; x_wconf 82' lang='grc' dir='ltr'>καὶ</span> <span class='ocrx_word' id='word_1_223' title='bbox 758 1333 890 1391; x_wconf 73' lang='grc' dir='ltr'><strong><em>ἀνέρι</em></strong></span> <span class='ocrx_word' id='word_1_224' title='bbox 919 1335 1088 1392; x_wconf 81' lang='grc' dir='ltr'><em>μητέρα</em></span> <span class='ocrx_word' id='word_1_225' title='bbox 1107 1337 1281 1386; x_wconf 78' lang='grc' dir='ltr'>δοῦναι,</span> <span class='ocrx_word' id='word_1_226' title='bbox 1312 1336 1524 1379; x_wconf 86' lang='lat' dir='ltr'>secundas</span> <span class='ocrx_word' id='word_1_227' title='bbox 1544 1335 1794 1391; x_wconf 87' lang='lat' dir='ltr'>Penelopae</span> <span class='ocrx_word' id='word_1_228' title='bbox 1814 1335 1989 1392; x_wconf 86' lang='lat' dir='ltr'>nuptias</span> <span class='ocrx_word' id='word_1_229' title='bbox 2008 1344 2366 1378; x_wconf 86' lang='lat' dir='ltr'>commemoratas</span> <span class='ocrx_word' id='word_1_230' title='bbox 2388 1349 2483 1380; x_wconf 85' lang='lat' dir='ltr'>esse</span> <span class='ocrx_word' id='word_1_231' title='bbox 2503 1337 2678 1380; x_wconf 89' lang='lat' dir='ltr'>minime</span> 
     </span>
     <span class='ocr_line' id='line_1_19' title="bbox 201 1403 2679 1469; baseline -0.003 -13"><span class='ocrx_word' id='word_1_232' title='bbox 201 1428 348 1469; x_wconf 88' lang='lat' dir='ltr'>posse.</span> <span class='ocrx_word' id='word_1_233' title='bbox 392 1409 526 1465; x_wconf 85' lang='lat' dir='ltr'>Quod</span> <span class='ocrx_word' id='word_1_234' title='bbox 556 1417 603 1452; x_wconf 90' lang='lat' dir='ltr'>ut</span> <span class='ocrx_word' id='word_1_235' title='bbox 633 1407 761 1463; x_wconf 87' lang='lat' dir='ltr'>plane</span> <span class='ocrx_word' id='word_1_236' title='bbox 788 1407 1073 1463; x_wconf 92' lang='lat' dir='ltr'>perspicuum</span> <span class='ocrx_word' id='word_1_237' title='bbox 1099 1406 1182 1457; x_wconf 87' lang='lat' dir='ltr'>fiat,</span> <span class='ocrx_word' id='word_1_238' title='bbox 1214 1406 1440 1449; x_wconf 85' lang='lat' dir='ltr'>Minervae</span> <span class='ocrx_word' id='word_1_239' title='bbox 1469 1416 1605 1448; x_wconf 91' lang='lat' dir='ltr'>totam</span> <span class='ocrx_word' id='word_1_240' title='bbox 1635 1405 1875 1447; x_wconf 87' lang='lat' dir='ltr'>orationem</span> <span class='ocrx_word' id='word_1_241' title='bbox 1907 1403 1959 1457; x_wconf 91' lang='grc' dir='ltr'>(Ι.</span> <span class='ocrx_word' id='word_1_242' title='bbox 1986 1420 2025 1446; x_wconf 90' lang='lat' dir='ltr'>v.</span> <span class='ocrx_word' id='word_1_243' title='bbox 2047 1406 2131 1446; x_wconf 78' lang='lat'>253</span> <span class='ocrx_word' id='word_1_244' title='bbox 2148 1406 2314 1457; x_wconf 81' lang='lat'>-305)</span> <span class='ocrx_word' id='word_1_245' title='bbox 2337 1414 2679 1463; x_wconf 87' lang='lat' dir='ltr'>accuratumque</span> 
     </span>
     <span class='ocr_line' id='line_1_20' title="bbox 201 1476 1234 1533; baseline -0.007 -8"><span class='ocrx_word' id='word_1_246' title='bbox 201 1482 332 1525; x_wconf 87' lang='lat' dir='ltr'>huius</span> <span class='ocrx_word' id='word_1_247' title='bbox 361 1479 570 1523; x_wconf 79' lang='lat' dir='ltr'>orationis</span> <span class='ocrx_word' id='word_1_248' title='bbox 601 1477 797 1521; x_wconf 88' lang='lat' dir='ltr'>ordinem</span> <span class='ocrx_word' id='word_1_249' title='bbox 828 1476 1038 1533; x_wconf 87' lang='lat' dir='ltr'>respicias</span> <span class='ocrx_word' id='word_1_250' title='bbox 1067 1490 1234 1532; x_wconf 89' lang='lat' dir='ltr'>precor.</span> 
     </span>
    </p>

    <p class='ocr_par' dir='ltr' id='par_1_5' title="bbox 199 1542 2696 3408">
     <span class='ocr_line' id='line_1_21' title="bbox 403 1542 2679 1602; baseline -0.002 -11"><span class='ocrx_word' id='word_1_251' title='bbox 403 1548 645 1602; x_wconf 90' lang='lat' dir='ltr'>Postquam</span> <span class='ocrx_word' id='word_1_252' title='bbox 675 1546 731 1589; x_wconf 91' lang='lat' dir='ltr'>de</span> <span class='ocrx_word' id='word_1_253' title='bbox 760 1544 927 1589; x_wconf 84' lang='lat' dir='ltr'>absenti</span> <span class='ocrx_word' id='word_1_254' title='bbox 958 1544 1090 1588; x_wconf 87' lang='lat' dir='ltr'>Ulixe</span> <span class='ocrx_word' id='word_1_255' title='bbox 1121 1560 1171 1588; x_wconf 92' lang='lat' dir='ltr'>ac</span> <span class='ocrx_word' id='word_1_256' title='bbox 1202 1544 1257 1588; x_wconf 91' lang='lat' dir='ltr'>de</span> <span class='ocrx_word' id='word_1_257' title='bbox 1289 1544 1549 1594; x_wconf 88' lang='lat' dir='ltr'>conditione,</span> <span class='ocrx_word' id='word_1_258' title='bbox 1583 1558 1695 1597; x_wconf 89' lang='lat' dir='ltr'>quae</span> <span class='ocrx_word' id='word_1_259' title='bbox 1726 1542 1808 1585; x_wconf 90' lang='lat' dir='ltr'>sibi</span> <span class='ocrx_word' id='word_1_260' title='bbox 1839 1542 2048 1597; x_wconf 91' lang='lat' dir='ltr'>(Mentae)</span> <span class='ocrx_word' id='word_1_261' title='bbox 2082 1557 2249 1597; x_wconf 91' lang='lat' dir='ltr'>suoque</span> <span class='ocrx_word' id='word_1_262' title='bbox 2277 1545 2392 1598; x_wconf 87' lang='lat' dir='ltr'>patri</span> <span class='ocrx_word' id='word_1_263' title='bbox 2428 1545 2558 1586; x_wconf 86' lang='lat' dir='ltr'>fuerit</span> <span class='ocrx_word' id='word_1_264' title='bbox 2581 1560 2679 1587; x_wconf 91' lang='lat' dir='ltr'>cum</span> 
     </span>
     <span class='ocr_line' id='line_1_22' title="bbox 200 1611 2681 1672; baseline -0.002 -11"><span class='ocrx_word' id='word_1_265' title='bbox 200 1618 357 1669; x_wconf 86' lang='lat' dir='ltr'>Ulixe,</span> <span class='ocrx_word' id='word_1_266' title='bbox 388 1616 494 1660; x_wconf 85' lang='lat' dir='ltr'>satis</span> <span class='ocrx_word' id='word_1_267' title='bbox 525 1614 749 1672; x_wconf 86' lang='lat' dir='ltr'>exposuit,</span> <span class='ocrx_word' id='word_1_268' title='bbox 789 1613 890 1656; x_wconf 91' lang='lat' dir='ltr'>inde</span> <span class='ocrx_word' id='word_1_269' title='bbox 921 1629 947 1657; x_wconf 88' lang='lat' dir='ltr'>a</span> <span class='ocrx_word' id='word_1_270' title='bbox 975 1628 1015 1656; x_wconf 90' lang='lat' dir='ltr'>v.</span> <span class='ocrx_word' id='word_1_271' title='bbox 1045 1613 1131 1656; x_wconf 85' lang='lat'>269</span> <span class='ocrx_word' id='word_1_272' title='bbox 1161 1613 1247 1656; x_wconf 88' lang='lat' dir='ltr'>iam</span> <span class='ocrx_word' id='word_1_273' title='bbox 1278 1613 1432 1656; x_wconf 84' lang='lat' dir='ltr'>transit</span> <span class='ocrx_word' id='word_1_274' title='bbox 1461 1613 1518 1657; x_wconf 93' lang='lat' dir='ltr'>ad</span> <span class='ocrx_word' id='word_1_275' title='bbox 1547 1612 1775 1655; x_wconf 87' lang='lat' dir='ltr'>consilium</span> <span class='ocrx_word' id='word_1_276' title='bbox 1807 1611 1860 1654; x_wconf 93' lang='lat' dir='ltr'>de</span> <span class='ocrx_word' id='word_1_277' title='bbox 1890 1611 2159 1655; x_wconf 89' lang='lat' dir='ltr'>dimittendis</span> <span class='ocrx_word' id='word_1_278' title='bbox 2190 1613 2259 1656; x_wconf 86' lang='lat' dir='ltr'>vel</span> <span class='ocrx_word' id='word_1_279' title='bbox 2289 1613 2509 1656; x_wconf 91' lang='lat' dir='ltr'>eiiciendis</span> <span class='ocrx_word' id='word_1_280' title='bbox 2539 1615 2681 1671; x_wconf 76' lang='lat' dir='ltr'>procis</span> 
     </span>
     <span class='ocr_line' id='line_1_23' title="bbox 200 1681 2682 1745; baseline -0.001 -15"><span class='ocrx_word' id='word_1_281' title='bbox 200 1687 458 1745; x_wconf 89' lang='lat' dir='ltr'>capiendum</span> <span class='ocrx_word' id='word_1_282' title='bbox 488 1693 619 1742; x_wconf 89' lang='lat' dir='ltr'>atque</span> <span class='ocrx_word' id='word_1_283' title='bbox 649 1683 847 1726; x_wconf 86' lang='lat' dir='ltr'>hortatur</span> <span class='ocrx_word' id='word_1_284' title='bbox 877 1682 1212 1734; x_wconf 89' lang='lat' dir='ltr'>Telemachum,</span> <span class='ocrx_word' id='word_1_285' title='bbox 1251 1691 1301 1726; x_wconf 89' lang='lat' dir='ltr'>ut</span> <span class='ocrx_word' id='word_1_286' title='bbox 1332 1683 1521 1726; x_wconf 91' lang='lat' dir='ltr'>crastino</span> <span class='ocrx_word' id='word_1_287' title='bbox 1558 1683 1626 1725; x_wconf 88' lang='lat' dir='ltr'>die</span> <span class='ocrx_word' id='word_1_288' title='bbox 1658 1688 1896 1725; x_wconf 89' lang='lat' dir='ltr'>convocata</span> <span class='ocrx_word' id='word_1_289' title='bbox 1926 1681 2132 1725; x_wconf 89' lang='lat' dir='ltr'>concione</span> <span class='ocrx_word' id='word_1_290' title='bbox 2162 1696 2314 1738; x_wconf 89' lang='lat' dir='ltr'>procos</span> <span class='ocrx_word' id='word_1_291' title='bbox 2344 1683 2522 1727; x_wconf 91' lang='lat' dir='ltr'>domum</span> <span class='ocrx_word' id='word_1_292' title='bbox 2559 1699 2682 1727; x_wconf 89' lang='lat' dir='ltr'>suam</span> 
     </span>
     <span class='ocr_line' id='line_1_24' title="bbox 199 1749 2682 1810; baseline -0 -12"><span class='ocrx_word' id='word_1_293' title='bbox 199 1756 424 1799; x_wconf 74' lang='lat' dir='ltr'>discedere</span> <span class='ocrx_word' id='word_1_294' title='bbox 466 1753 637 1804; x_wconf 83' lang='lat' dir='ltr'>iubeat,</span> <span class='ocrx_word' id='word_1_295' title='bbox 682 1752 801 1809; x_wconf 87' lang='lat' dir='ltr'>quod</span> <span class='ocrx_word' id='word_1_296' title='bbox 831 1751 1006 1808; x_wconf 90' lang='lat' dir='ltr'>quidem</span> <span class='ocrx_word' id='word_1_297' title='bbox 1035 1752 1109 1795; x_wconf 88' lang='lat' dir='ltr'>isti</span> <span class='ocrx_word' id='word_1_298' title='bbox 1139 1767 1218 1795; x_wconf 89' lang='lat' dir='ltr'>sua</span> <span class='ocrx_word' id='word_1_299' title='bbox 1247 1760 1401 1810; x_wconf 78' lang='lat' dir='ltr'>sponte</span> <span class='ocrx_word' id='word_1_300' title='bbox 1437 1752 1613 1795; x_wconf 89' lang='lat' dir='ltr'>minime</span> <span class='ocrx_word' id='word_1_301' title='bbox 1642 1751 1801 1794; x_wconf 87' lang='lat' dir='ltr'>facturi</span> <span class='ocrx_word' id='word_1_302' title='bbox 1832 1758 1949 1794; x_wconf 88' lang='lat' dir='ltr'>sunt.</span> <span class='ocrx_word' id='word_1_303' title='bbox 2009 1749 2135 1806; x_wconf 82' lang='lat' dir='ltr'>Quae</span> <span class='ocrx_word' id='word_1_304' title='bbox 2164 1751 2321 1795; x_wconf 90' lang='lat' dir='ltr'>deinde</span> <span class='ocrx_word' id='word_1_305' title='bbox 2352 1761 2608 1809; x_wconf 89' lang='lat' dir='ltr'>sequuntur,</span> <span class='ocrx_word' id='word_1_306' title='bbox 2640 1755 2682 1797; x_wconf 92' lang='lat' dir='ltr'>in</span> 
     </span>
     <span class='ocr_line' id='line_1_25' title="bbox 200 1821 2683 1882; baseline -0.001 -13"><span class='ocrx_word' id='word_1_307' title='bbox 200 1826 309 1869; x_wconf 90' lang='lat' dir='ltr'>duas</span> <span class='ocrx_word' id='word_1_308' title='bbox 339 1823 660 1882; x_wconf 89' lang='lat' dir='ltr'>quodammodo</span> <span class='ocrx_word' id='word_1_309' title='bbox 689 1830 835 1880; x_wconf 90' lang='lat' dir='ltr'>partes</span> <span class='ocrx_word' id='word_1_310' title='bbox 866 1821 1011 1864; x_wconf 87' lang='lat' dir='ltr'>divisa</span> <span class='ocrx_word' id='word_1_311' title='bbox 1039 1829 1163 1873; x_wconf 89' lang='lat' dir='ltr'>sunt,</span> <span class='ocrx_word' id='word_1_312' title='bbox 1207 1837 1391 1879; x_wconf 91' lang='lat' dir='ltr'>quarum</span> <span class='ocrx_word' id='word_1_313' title='bbox 1422 1822 1577 1873; x_wconf 89' lang='lat' dir='ltr'>altera,</span> <span class='ocrx_word' id='word_1_314' title='bbox 1618 1821 1723 1876; x_wconf 90' lang='lat' dir='ltr'>quid</span> <span class='ocrx_word' id='word_1_315' title='bbox 1753 1822 1881 1863; x_wconf 89' lang='lat' dir='ltr'>matri</span> <span class='ocrx_word' id='word_1_316' title='bbox 1910 1821 2010 1873; x_wconf 87' lang='lat' dir='ltr'>fiat,</span> <span class='ocrx_word' id='word_1_317' title='bbox 2054 1837 2096 1863; x_wconf 89' lang='lat' dir='ltr'>v.</span> <span class='ocrx_word' id='word_1_318' title='bbox 2128 1822 2380 1874; x_wconf 83' lang='lat'>275—278,</span> <span class='ocrx_word' id='word_1_319' title='bbox 2413 1822 2546 1865; x_wconf 90' lang='lat' dir='ltr'>altera</span> <span class='ocrx_word' id='word_1_320' title='bbox 2578 1824 2683 1878; x_wconf 89' lang='lat' dir='ltr'>quid</span> 
     </span>
     <span class='ocr_line' id='line_1_26' title="bbox 199 1890 2685 1951; baseline -0.001 -13"><span class='ocrx_word' id='word_1_321' title='bbox 199 1895 287 1938; x_wconf 83' lang='lat' dir='ltr'>filio</span> <span class='ocrx_word' id='word_1_322' title='bbox 316 1893 401 1951; x_wconf 86' lang='lat' dir='ltr'>ipsi</span> <span class='ocrx_word' id='word_1_323' title='bbox 431 1892 677 1937; x_wconf 88' lang='lat' dir='ltr'>faciendum</span> <span class='ocrx_word' id='word_1_324' title='bbox 708 1891 777 1942; x_wconf 89' lang='lat' dir='ltr'>sit,</span> <span class='ocrx_word' id='word_1_325' title='bbox 807 1907 848 1935; x_wconf 83' lang='lat' dir='ltr'>v.</span> <span class='ocrx_word' id='word_1_326' title='bbox 880 1890 1108 1934; x_wconf 81' lang='lat'>279—297</span> <span class='ocrx_word' id='word_1_327' title='bbox 1140 1890 1346 1935; x_wconf 87' lang='lat' dir='ltr'>declarat.</span> <span class='ocrx_word' id='word_1_328' title='bbox 1405 1890 1561 1942; x_wconf 88' lang='lat' dir='ltr'>Mater,</span> <span class='ocrx_word' id='word_1_329' title='bbox 1592 1906 1679 1934; x_wconf 91' lang='lat' dir='ltr'>non</span> <span class='ocrx_word' id='word_1_330' title='bbox 1710 1892 1862 1941; x_wconf 79' lang='lat' dir='ltr'>invita,</span> <span class='ocrx_word' id='word_1_331' title='bbox 1894 1890 1936 1932; x_wconf 89' lang='lat' dir='ltr'>id</span> <span class='ocrx_word' id='word_1_332' title='bbox 1960 1890 2076 1946; x_wconf 88' lang='lat' dir='ltr'>quod</span> <span class='ocrx_word' id='word_1_333' title='bbox 2099 1890 2299 1947; x_wconf 90' lang='lat' dir='ltr'>pluribus</span> <span class='ocrx_word' id='word_1_334' title='bbox 2321 1891 2427 1935; x_wconf 91' lang='lat' dir='ltr'>locis</span> <span class='ocrx_word' id='word_1_335' title='bbox 2459 1893 2685 1935; x_wconf 86' lang='lat' dir='ltr'>confirma·</span> 
     </span>
     <span class='ocr_line' id='line_1_27' title="bbox 200 1958 2685 2019; baseline -0 -12"><span class='ocrx_word' id='word_1_336' title='bbox 200 1974 270 2008; x_wconf 91' lang='lat' dir='ltr'>tur</span> <span class='ocrx_word' id='word_1_337' title='bbox 301 1963 372 2017; x_wconf 86' lang='lat' dir='ltr'>(cf.</span> <span class='ocrx_word' id='word_1_338' title='bbox 402 1962 453 2006; x_wconf 91' lang='lat' dir='ltr'>Il.</span> <span class='ocrx_word' id='word_1_339' title='bbox 483 1978 521 2005; x_wconf 91' lang='lat' dir='ltr'>v.</span> <span class='ocrx_word' id='word_1_340' title='bbox 555 1963 651 2013; x_wconf 86' lang='lat'>130,</span> <span class='ocrx_word' id='word_1_341' title='bbox 682 1959 814 2004; x_wconf 84' lang='lat' dir='ltr'>XVI.</span> <span class='ocrx_word' id='word_1_342' title='bbox 844 1976 885 2003; x_wconf 80' lang='lat' dir='ltr'>v.</span> <span class='ocrx_word' id='word_1_343' title='bbox 917 1962 993 2011; x_wconf 88' lang='lat'>73,</span> <span class='ocrx_word' id='word_1_344' title='bbox 1022 1958 1136 2002; x_wconf 90' lang='lat' dir='ltr'>XX.</span> <span class='ocrx_word' id='word_1_345' title='bbox 1165 1977 1207 2004; x_wconf 82' lang='lat' dir='ltr'>v.</span> <span class='ocrx_word' id='word_1_346' title='bbox 1240 1962 1363 2013; x_wconf 87' lang='lat'>343),</span> <span class='ocrx_word' id='word_1_347' title='bbox 1414 1961 1491 2004; x_wconf 89' lang='lat' dir='ltr'>sed</span> <span class='ocrx_word' id='word_1_348' title='bbox 1527 1969 1680 2019; x_wconf 90' lang='lat' dir='ltr'>sponte</span> <span class='ocrx_word' id='word_1_349' title='bbox 1720 1961 1866 2003; x_wconf 91' lang='lat' dir='ltr'>redeat</span> <span class='ocrx_word' id='word_1_350' title='bbox 1910 1961 1953 2003; x_wconf 88' lang='lat' dir='ltr'>in</span> <span class='ocrx_word' id='word_1_351' title='bbox 1999 1961 2136 2015; x_wconf 86' lang='lat' dir='ltr'>patris</span> <span class='ocrx_word' id='word_1_352' title='bbox 2168 1961 2358 2013; x_wconf 90' lang='lat' dir='ltr'>domum,</span> <span class='ocrx_word' id='word_1_353' title='bbox 2391 1966 2436 2006; x_wconf 73' lang='grc' dir='ltr'>εἴ</span> <span class='ocrx_word' id='word_1_354' title='bbox 2460 1963 2508 2005; x_wconf 81' lang='grc' dir='ltr'>οἱ</span> <span class='ocrx_word' id='word_1_355' title='bbox 2534 1960 2685 2019; x_wconf 84' lang='grc' dir='ltr'><em>θυμὸς</em></span> 
     </span>
     <span class='ocr_line' id='line_1_28' title="bbox 200 2026 2684 2091; baseline -0.001 -14"><span class='ocrx_word' id='word_1_356' title='bbox 200 2034 450 2091; x_wconf 79' lang='grc' dir='ltr'><strong><em>ἐφορμᾶται</em></strong></span> <span class='ocrx_word' id='word_1_357' title='bbox 493 2029 769 2088; x_wconf 78' lang='grc' dir='ltr'><em>γαμέεσθαι,</em></span> <span class='ocrx_word' id='word_1_358' title='bbox 812 2028 960 2084; x_wconf 88' lang='lat' dir='ltr'>ibique</span> <span class='ocrx_word' id='word_1_359' title='bbox 1006 2037 1214 2087; x_wconf 92' lang='lat' dir='ltr'>parentur</span> <span class='ocrx_word' id='word_1_360' title='bbox 1256 2030 1433 2088; x_wconf 86' lang='lat' dir='ltr'>nuptiae</span> <span class='ocrx_word' id='word_1_361' title='bbox 1470 2039 1602 2087; x_wconf 85' lang='lat' dir='ltr'>atque</span> <span class='ocrx_word' id='word_1_362' title='bbox 1646 2031 1791 2086; x_wconf 78' lang='grc' dir='ltr'><em>ἔεδνα,</em></span> <span class='ocrx_word' id='word_1_363' title='bbox 1824 2026 1968 2073; x_wconf 81' lang='grc' dir='ltr'><strong><em>πολλὰ</em></strong></span> <span class='ocrx_word' id='word_1_364' title='bbox 1998 2026 2113 2087; x_wconf 83' lang='grc' dir='ltr'><em>μαλ’,</em></span> <span class='ocrx_word' id='word_1_365' title='bbox 2156 2027 2269 2074; x_wconf 82' lang='grc' dir='ltr'><em>ὅσσα</em></span> <span class='ocrx_word' id='word_1_366' title='bbox 2300 2033 2419 2076; x_wconf 82' lang='grc' dir='ltr'><strong><em>ἔοικε</em></strong></span> <span class='ocrx_word' id='word_1_367' title='bbox 2448 2035 2584 2089; x_wconf 83' lang='grc' dir='ltr'><strong><em>φίλης</em></strong></span> <span class='ocrx_word' id='word_1_368' title='bbox 2615 2033 2684 2077; x_wconf 78' lang='grc' dir='ltr'>ἐπὶ</span> 
     </span>
     <span class='ocr_line' id='line_1_29' title="bbox 202 2099 2688 2160; baseline -0.002 -13"><span class='ocrx_word' id='word_1_369' title='bbox 202 2099 362 2155; x_wconf 77' lang='grc' dir='ltr'><strong><em>παιδὸς</em></strong></span> <span class='ocrx_word' id='word_1_370' title='bbox 392 2100 597 2146; x_wconf 79' lang='grc' dir='ltr'>ἕπεσθαι.</span> <span class='ocrx_word' id='word_1_371' title='bbox 657 2101 710 2144; x_wconf 91' lang='lat' dir='ltr'>Id</span> <span class='ocrx_word' id='word_1_372' title='bbox 739 2100 863 2143; x_wconf 88' lang='lat' dir='ltr'>matri</span> <span class='ocrx_word' id='word_1_373' title='bbox 902 2100 1147 2143; x_wconf 88' lang='lat' dir='ltr'>faciendum</span> <span class='ocrx_word' id='word_1_374' title='bbox 1179 2100 1330 2144; x_wconf 87' lang='lat' dir='ltr'>suadet</span> <span class='ocrx_word' id='word_1_375' title='bbox 1360 2100 1571 2144; x_wconf 88' lang='lat' dir='ltr'>Minerva.</span> <span class='ocrx_word' id='word_1_376' title='bbox 1629 2100 1749 2144; x_wconf 89' lang='lat' dir='ltr'>Haec</span> <span class='ocrx_word' id='word_1_377' title='bbox 1784 2101 1838 2144; x_wconf 91' lang='lat' dir='ltr'>de</span> <span class='ocrx_word' id='word_1_378' title='bbox 1871 2101 2070 2143; x_wconf 87' lang='lat' dir='ltr'>secundis</span> <span class='ocrx_word' id='word_1_379' title='bbox 2102 2101 2346 2156; x_wconf 88' lang='lat' dir='ltr'>Penelopae</span> <span class='ocrx_word' id='word_1_380' title='bbox 2376 2103 2541 2160; x_wconf 87' lang='lat' dir='ltr'>nuptiis</span> <span class='ocrx_word' id='word_1_381' title='bbox 2572 2104 2688 2145; x_wconf 84' lang='lat' dir='ltr'>dicta</span> 
     </span>
     <span class='ocr_line' id='line_1_30' title="bbox 202 2168 2684 2228; baseline -0.001 -12"><span class='ocrx_word' id='word_1_382' title='bbox 202 2183 318 2216; x_wconf 86' lang='lat' dir='ltr'>certe</span> <span class='ocrx_word' id='word_1_383' title='bbox 351 2172 586 2222; x_wconf 85' lang='lat' dir='ltr'>sufficient,</span> <span class='ocrx_word' id='word_1_384' title='bbox 619 2185 761 2226; x_wconf 92' lang='lat' dir='ltr'>neque</span> <span class='ocrx_word' id='word_1_385' title='bbox 782 2168 966 2226; x_wconf 86' lang='lat' dir='ltr'>amplius</span> <span class='ocrx_word' id='word_1_386' title='bbox 989 2168 1227 2226; x_wconf 89' lang='lat' dir='ltr'>quidquam</span> <span class='ocrx_word' id='word_1_387' title='bbox 1249 2169 1303 2212; x_wconf 91' lang='lat' dir='ltr'>de</span> <span class='ocrx_word' id='word_1_388' title='bbox 1322 2169 1478 2212; x_wconf 88' lang='lat' dir='ltr'>iisdem</span> <span class='ocrx_word' id='word_1_389' title='bbox 1506 2169 1551 2211; x_wconf 93' lang='lat' dir='ltr'>in</span> <span class='ocrx_word' id='word_1_390' title='bbox 1573 2170 1768 2213; x_wconf 88' lang='lat' dir='ltr'>oratione</span> <span class='ocrx_word' id='word_1_391' title='bbox 1788 2169 2015 2213; x_wconf 85' lang='lat' dir='ltr'>Minervae</span> <span class='ocrx_word' id='word_1_392' title='bbox 2045 2170 2202 2226; x_wconf 90' lang='lat' dir='ltr'>poterit</span> <span class='ocrx_word' id='word_1_393' title='bbox 2232 2172 2503 2227; x_wconf 84' lang='lat' dir='ltr'>exspectari3</span> <span class='ocrx_word' id='word_1_394' title='bbox 2537 2182 2684 2228; x_wconf 88' lang='lat' dir='ltr'>atque,</span> 
     </span>
     <span class='ocr_line' id='line_1_31' title="bbox 205 2238 2687 2296; baseline -0 -11"><span class='ocrx_word' id='word_1_395' title='bbox 205 2242 318 2285; x_wconf 90' lang='lat' dir='ltr'>hanc</span> <span class='ocrx_word' id='word_1_396' title='bbox 349 2256 440 2285; x_wconf 90' lang='lat' dir='ltr'>rem</span> <span class='ocrx_word' id='word_1_397' title='bbox 473 2255 554 2284; x_wconf 84' lang='lat' dir='ltr'>sua</span> <span class='ocrx_word' id='word_1_398' title='bbox 583 2239 778 2283; x_wconf 87' lang='lat' dir='ltr'>oratione</span> <span class='ocrx_word' id='word_1_399' title='bbox 810 2238 1053 2282; x_wconf 87' lang='lat' dir='ltr'>absolutam</span> <span class='ocrx_word' id='word_1_400' title='bbox 1084 2254 1181 2283; x_wconf 88' lang='lat' dir='ltr'>esse</span> <span class='ocrx_word' id='word_1_401' title='bbox 1212 2238 1309 2296; x_wconf 88' lang='lat' dir='ltr'>ipsa</span> <span class='ocrx_word' id='word_1_402' title='bbox 1339 2238 1529 2282; x_wconf 89' lang='lat' dir='ltr'>declarat</span> <span class='ocrx_word' id='word_1_403' title='bbox 1559 2238 1780 2290; x_wconf 89' lang='lat' dir='ltr'>Minerva,</span> <span class='ocrx_word' id='word_1_404' title='bbox 1814 2255 1944 2295; x_wconf 89' lang='lat' dir='ltr'>quum</span> <span class='ocrx_word' id='word_1_405' title='bbox 1989 2240 2132 2296; x_wconf 88' lang='lat' dir='ltr'>pergit</span> <span class='ocrx_word' id='word_1_406' title='bbox 2177 2240 2232 2283; x_wconf 89' lang='lat' dir='ltr'>ad</span> <span class='ocrx_word' id='word_1_407' title='bbox 2263 2240 2401 2283; x_wconf 83' lang='lat' dir='ltr'>filium</span> <span class='ocrx_word' id='word_1_408' title='bbox 2432 2258 2470 2284; x_wconf 89' lang='lat' dir='ltr'>v.</span> <span class='ocrx_word' id='word_1_409' title='bbox 2502 2244 2586 2284; x_wconf 88' lang='grc'>279</span> <span class='ocrx_word' id='word_1_410' title='bbox 2616 2258 2687 2284; x_wconf 88' lang='lat' dir='ltr'>ac-</span> 
     </span>
     <span class='ocr_line' id='line_1_32' title="bbox 204 2304 2686 2367; baseline -0.001 -13"><span class='ocrx_word' id='word_1_411' title='bbox 204 2319 352 2355; x_wconf 89' lang='lat' dir='ltr'>curata</span> <span class='ocrx_word' id='word_1_412' title='bbox 380 2325 496 2364; x_wconf 78' lang='lat' dir='ltr'>voce,</span> <span class='ocrx_word' id='word_1_413' title='bbox 530 2308 603 2354; x_wconf 84' lang='grc' dir='ltr'>σοὶ</span> <span class='ocrx_word' id='word_1_414' title='bbox 631 2305 673 2353; x_wconf 79' lang='grc' dir='ltr'>δ’</span> <span class='ocrx_word' id='word_1_415' title='bbox 701 2305 824 2367; x_wconf 79' lang='grc' dir='ltr'><em>αὐτῷ</em></span> <span class='ocrx_word' id='word_1_416' title='bbox 856 2311 1060 2361; x_wconf 79' lang='grc' dir='ltr'><strong><em>πυκινῶς</em></strong></span> <span class='ocrx_word' id='word_1_417' title='bbox 1088 2304 1398 2365; x_wconf 76' lang='grc' dir='ltr'><em>ὑποθήσομαι,</em></span> <span class='ocrx_word' id='word_1_418' title='bbox 1428 2310 1482 2351; x_wconf 82' lang='grc' dir='ltr'>αἴ</span> <span class='ocrx_word' id='word_1_419' title='bbox 1507 2324 1558 2352; x_wconf 82' lang='grc' dir='ltr'>κε</span> <span class='ocrx_word' id='word_1_420' title='bbox 1585 2310 1765 2364; x_wconf 81' lang='grc' dir='ltr'><em>πίθηαι,</em></span> <span class='ocrx_word' id='word_1_421' title='bbox 1796 2307 1855 2350; x_wconf 88' lang='lat' dir='ltr'>ita</span> <span class='ocrx_word' id='word_1_422' title='bbox 1885 2316 1934 2350; x_wconf 93' lang='lat' dir='ltr'>ut</span> <span class='ocrx_word' id='word_1_423' title='bbox 1963 2308 2019 2350; x_wconf 88' lang='lat' dir='ltr'>ad</span> <span class='ocrx_word' id='word_1_424' title='bbox 2051 2323 2179 2351; x_wconf 91' lang='lat' dir='ltr'>suum</span> <span class='ocrx_word' id='word_1_425' title='bbox 2206 2309 2436 2352; x_wconf 91' lang='lat' dir='ltr'>consilium</span> <span class='ocrx_word' id='word_1_426' title='bbox 2467 2311 2520 2353; x_wconf 91' lang='lat' dir='ltr'>de</span> <span class='ocrx_word' id='word_1_427' title='bbox 2551 2312 2686 2354; x_wconf 86' lang='lat' dir='ltr'>susci-</span> 
     </span>
     <span class='ocr_line' id='line_1_33' title="bbox 204 2376 2686 2438; baseline -0 -15"><span class='ocrx_word' id='word_1_428' title='bbox 204 2380 361 2438; x_wconf 91' lang='lat' dir='ltr'>piendo</span> <span class='ocrx_word' id='word_1_429' title='bbox 377 2379 543 2432; x_wconf 90' lang='lat' dir='ltr'>itinere,</span> <span class='ocrx_word' id='word_1_430' title='bbox 566 2378 620 2422; x_wconf 90' lang='lat' dir='ltr'>de</span> <span class='ocrx_word' id='word_1_431' title='bbox 639 2388 765 2435; x_wconf 85' lang='lat' dir='ltr'>patre</span> <span class='ocrx_word' id='word_1_432' title='bbox 790 2378 1052 2435; x_wconf 90' lang='lat' dir='ltr'>quaerendo,</span> <span class='ocrx_word' id='word_1_433' title='bbox 1084 2378 1138 2421; x_wconf 91' lang='lat' dir='ltr'>de</span> <span class='ocrx_word' id='word_1_434' title='bbox 1173 2378 1340 2422; x_wconf 81' lang='lat' dir='ltr'>inferiis</span> <span class='ocrx_word' id='word_1_435' title='bbox 1374 2386 1544 2421; x_wconf 90' lang='lat' dir='ltr'>mortuo</span> <span class='ocrx_word' id='word_1_436' title='bbox 1570 2378 1682 2435; x_wconf 87' lang='lat' dir='ltr'>patri</span> <span class='ocrx_word' id='word_1_437' title='bbox 1708 2376 1930 2429; x_wconf 83' lang='lat' dir='ltr'>faciendis,</span> <span class='ocrx_word' id='word_1_438' title='bbox 1954 2377 2131 2422; x_wconf 89' lang='lat' dir='ltr'>minime</span> <span class='ocrx_word' id='word_1_439' title='bbox 2152 2378 2312 2422; x_wconf 88' lang='lat' dir='ltr'>addere</span> <span class='ocrx_word' id='word_1_440' title='bbox 2335 2380 2478 2436; x_wconf 88' lang='lat' dir='ltr'>possit</span> <span class='ocrx_word' id='word_1_441' title='bbox 2519 2380 2686 2424; x_wconf 87' lang='lat' dir='ltr'>levissi-</span> 
     </span>
     <span class='ocr_line' id='line_1_34' title="bbox 205 2443 2686 2505; baseline -0.001 -12"><span class='ocrx_word' id='word_1_442' title='bbox 205 2466 319 2493; x_wconf 90' lang='lat' dir='ltr'>mam</span> <span class='ocrx_word' id='word_1_443' title='bbox 339 2451 469 2493; x_wconf 87' lang='lat' dir='ltr'>istam</span> <span class='ocrx_word' id='word_1_444' title='bbox 484 2449 539 2492; x_wconf 92' lang='lat' dir='ltr'>de</span> <span class='ocrx_word' id='word_1_445' title='bbox 555 2456 692 2491; x_wconf 90' lang='lat' dir='ltr'>matre</span> <span class='ocrx_word' id='word_1_446' title='bbox 713 2449 807 2492; x_wconf 87' lang='lat' dir='ltr'>viro</span> <span class='ocrx_word' id='word_1_447' title='bbox 823 2447 954 2491; x_wconf 88' lang='lat' dir='ltr'>alicui</span> <span class='ocrx_word' id='word_1_448' title='bbox 975 2447 1186 2490; x_wconf 89' lang='lat' dir='ltr'>tradenda</span> <span class='ocrx_word' id='word_1_449' title='bbox 1211 2448 1670 2499; x_wconf 88' lang='lat' dir='ltr'>commemorationem,</span> <span class='ocrx_word' id='word_1_450' title='bbox 1693 2445 1767 2490; x_wconf 83' lang='grc' dir='ltr'>καὶ</span> <span class='ocrx_word' id='word_1_451' title='bbox 1790 2443 1920 2503; x_wconf 81' lang='grc' dir='ltr'><strong><em>ἀνέρι</em></strong></span> <span class='ocrx_word' id='word_1_452' title='bbox 1940 2446 2111 2504; x_wconf 80' lang='grc' dir='ltr'><em>μητέρα</em></span> <span class='ocrx_word' id='word_1_453' title='bbox 2126 2448 2306 2503; x_wconf 78' lang='grc' dir='ltr'>δοῦναι,</span> <span class='ocrx_word' id='word_1_454' title='bbox 2333 2465 2443 2505; x_wconf 86' lang='lat' dir='ltr'>qnae</span> <span class='ocrx_word' id='word_1_455' title='bbox 2459 2465 2543 2492; x_wconf 92' lang='lat' dir='ltr'>non</span> <span class='ocrx_word' id='word_1_456' title='bbox 2561 2451 2686 2493; x_wconf 85' lang='lat' dir='ltr'>modo</span> 
     </span>
     <span class='ocr_line' id='line_1_35' title="bbox 205 2514 2689 2576; baseline 0.001 -16"><span class='ocrx_word' id='word_1_457' title='bbox 205 2520 300 2574; x_wconf 90' lang='lat' dir='ltr'>ipsa</span> <span class='ocrx_word' id='word_1_458' title='bbox 325 2525 368 2560; x_wconf 95' lang='lat' dir='ltr'>et</span> <span class='ocrx_word' id='word_1_459' title='bbox 390 2517 480 2560; x_wconf 92' lang='lat' dir='ltr'>filio</span> <span class='ocrx_word' id='word_1_460' title='bbox 508 2525 550 2559; x_wconf 91' lang='lat' dir='ltr'>et</span> <span class='ocrx_word' id='word_1_461' title='bbox 573 2526 708 2559; x_wconf 91' lang='lat' dir='ltr'>matre</span> <span class='ocrx_word' id='word_1_462' title='bbox 734 2518 921 2574; x_wconf 89' lang='lat' dir='ltr'>indigna,</span> <span class='ocrx_word' id='word_1_463' title='bbox 952 2516 1029 2559; x_wconf 92' lang='lat' dir='ltr'>sed</span> <span class='ocrx_word' id='word_1_464' title='bbox 1051 2530 1228 2573; x_wconf 86' lang='lat' dir='ltr'>prorsus</span> <span class='ocrx_word' id='word_1_465' title='bbox 1247 2515 1391 2572; x_wconf 88' lang='lat' dir='ltr'>inepta</span> <span class='ocrx_word' id='word_1_466' title='bbox 1407 2525 1484 2559; x_wconf 79' lang='lat' dir='ltr'>est.</span> <span class='ocrx_word' id='word_1_467' title='bbox 1515 2514 1606 2558; x_wconf 87' lang='lat' dir='ltr'>Ista</span> <span class='ocrx_word' id='word_1_468' title='bbox 1626 2517 1876 2572; x_wconf 83' lang='lat' dir='ltr'>nuptiarum</span> <span class='ocrx_word' id='word_1_469' title='bbox 1898 2518 2247 2560; x_wconf 89' lang='lat' dir='ltr'>commemoratio</span> <span class='ocrx_word' id='word_1_470' title='bbox 2278 2518 2386 2561; x_wconf 75' lang='lat' dir='ltr'>foret</span> <span class='ocrx_word' id='word_1_471' title='bbox 2407 2518 2561 2575; x_wconf 84' lang='lat' dir='ltr'>inepta,</span> <span class='ocrx_word' id='word_1_472' title='bbox 2589 2523 2689 2576; x_wconf 89' lang='lat' dir='ltr'>quia</span> 
     </span>
     <span class='ocr_line' id='line_1_36' title="bbox 204 2583 2687 2643; baseline 0.002 -14"><span class='ocrx_word' id='word_1_473' title='bbox 204 2587 419 2630; x_wconf 87' lang='lat' dir='ltr'>contraria</span> <span class='ocrx_word' id='word_1_474' title='bbox 462 2593 577 2629; x_wconf 85' lang='lat' dir='ltr'>esset</span> <span class='ocrx_word' id='word_1_475' title='bbox 604 2585 740 2628; x_wconf 85' lang='lat' dir='ltr'>libero</span> <span class='ocrx_word' id='word_1_476' title='bbox 769 2586 919 2628; x_wconf 89' lang='lat' dir='ltr'>matris</span> <span class='ocrx_word' id='word_1_477' title='bbox 949 2585 1088 2642; x_wconf 90' lang='lat' dir='ltr'>ipsius</span> <span class='ocrx_word' id='word_1_478' title='bbox 1118 2583 1293 2627; x_wconf 88' lang='lat' dir='ltr'>arbitrio</span> <span class='ocrx_word' id='word_1_479' title='bbox 1337 2591 1379 2627; x_wconf 89' lang='lat' dir='ltr'>et</span> <span class='ocrx_word' id='word_1_480' title='bbox 1416 2583 1619 2627; x_wconf 90' lang='lat' dir='ltr'>omnibus</span> <span class='ocrx_word' id='word_1_481' title='bbox 1663 2584 1770 2628; x_wconf 85' lang='lat' dir='ltr'>locis</span> <span class='ocrx_word' id='word_1_482' title='bbox 1812 2585 1866 2629; x_wconf 91' lang='lat' dir='ltr'>de</span> <span class='ocrx_word' id='word_1_483' title='bbox 1897 2586 2167 2639; x_wconf 90' lang='lat' dir='ltr'>conditione,</span> <span class='ocrx_word' id='word_1_484' title='bbox 2199 2601 2312 2643; x_wconf 89' lang='lat' dir='ltr'>quae</span> <span class='ocrx_word' id='word_1_485' title='bbox 2342 2587 2425 2631; x_wconf 84' lang='lat' dir='ltr'>fuit</span> <span class='ocrx_word' id='word_1_486' title='bbox 2454 2589 2565 2632; x_wconf 83' lang='lat' dir='ltr'>inter</span> <span class='ocrx_word' id='word_1_487' title='bbox 2598 2606 2687 2633; x_wconf 87' lang='lat' dir='ltr'>ma·</span> 
     </span>
     <span class='ocr_line' id='line_1_37' title="bbox 205 2653 2691 2715; baseline 0.002 -18"><span class='ocrx_word' id='word_1_488' title='bbox 205 2664 314 2698; x_wconf 90' lang='lat' dir='ltr'>trem</span> <span class='ocrx_word' id='word_1_489' title='bbox 338 2655 576 2710; x_wconf 91' lang='lat' dir='ltr'>filiumque,</span> <span class='ocrx_word' id='word_1_490' title='bbox 608 2655 770 2706; x_wconf 87' lang='lat' dir='ltr'>allatis3</span> <span class='ocrx_word' id='word_1_491' title='bbox 801 2656 946 2712; x_wconf 90' lang='lat' dir='ltr'>inepta</span> <span class='ocrx_word' id='word_1_492' title='bbox 967 2656 1093 2706; x_wconf 82' lang='lat' dir='ltr'>foret,</span> <span class='ocrx_word' id='word_1_493' title='bbox 1126 2654 1228 2710; x_wconf 91' lang='lat' dir='ltr'>quia</span> <span class='ocrx_word' id='word_1_494' title='bbox 1249 2661 1335 2696; x_wconf 89' lang='lat' dir='ltr'>tam</span> <span class='ocrx_word' id='word_1_495' title='bbox 1354 2653 1469 2695; x_wconf 91' lang='lat' dir='ltr'>nude</span> <span class='ocrx_word' id='word_1_496' title='bbox 1486 2653 1630 2711; x_wconf 88' lang='lat' dir='ltr'>posita</span> <span class='ocrx_word' id='word_1_497' title='bbox 1660 2655 1836 2698; x_wconf 89' lang='lat' dir='ltr'>minime</span> <span class='ocrx_word' id='word_1_498' title='bbox 1866 2656 1912 2698; x_wconf 91' lang='lat' dir='ltr'>in</span> <span class='ocrx_word' id='word_1_499' title='bbox 1944 2670 2071 2698; x_wconf 89' lang='lat' dir='ltr'>suum</span> <span class='ocrx_word' id='word_1_500' title='bbox 2092 2655 2236 2699; x_wconf 92' lang='lat' dir='ltr'>locum</span> <span class='ocrx_word' id='word_1_501' title='bbox 2259 2656 2512 2712; x_wconf 85' lang='lat' dir='ltr'>quadraret3</span> <span class='ocrx_word' id='word_1_502' title='bbox 2545 2658 2691 2715; x_wconf 89' lang='lat' dir='ltr'>inepta</span> 
     </span>
     <span class='ocr_line' id='line_1_38' title="bbox 204 2722 2690 2780; baseline 0.002 -14"><span class='ocrx_word' id='word_1_503' title='bbox 204 2726 338 2774; x_wconf 89' lang='lat' dir='ltr'>foret,</span> <span class='ocrx_word' id='word_1_504' title='bbox 370 2724 587 2779; x_wconf 89' lang='lat' dir='ltr'>quoniam,</span> <span class='ocrx_word' id='word_1_505' title='bbox 620 2739 732 2779; x_wconf 89' lang='lat' dir='ltr'>quae</span> <span class='ocrx_word' id='word_1_506' title='bbox 753 2733 1005 2780; x_wconf 85' lang='lat' dir='ltr'>sequuntur,</span> <span class='ocrx_word' id='word_1_507' title='bbox 1038 2722 1217 2779; x_wconf 86' lang='lat' dir='ltr'>intelligi</span> <span class='ocrx_word' id='word_1_508' title='bbox 1238 2722 1414 2763; x_wconf 91' lang='lat' dir='ltr'>minime</span> <span class='ocrx_word' id='word_1_509' title='bbox 1434 2731 1627 2779; x_wconf 89' lang='lat' dir='ltr'>possent.</span> <span class='ocrx_word' id='word_1_510' title='bbox 1659 2722 1709 2766; x_wconf 84' lang='lat' dir='ltr'>Si</span> <span class='ocrx_word' id='word_1_511' title='bbox 1742 2723 1855 2765; x_wconf 91' lang='lat' dir='ltr'>enim</span> <span class='ocrx_word' id='word_1_512' title='bbox 1876 2738 1976 2767; x_wconf 90' lang='lat' dir='ltr'>vere</span> <span class='ocrx_word' id='word_1_513' title='bbox 2007 2723 2210 2767; x_wconf 85' lang='lat' dir='ltr'>Minerva</span> <span class='ocrx_word' id='word_1_514' title='bbox 2239 2725 2435 2768; x_wconf 87' lang='lat' dir='ltr'>iussisset</span> <span class='ocrx_word' id='word_1_515' title='bbox 2465 2724 2612 2778; x_wconf 89' lang='lat' dir='ltr'>filium,</span> <span class='ocrx_word' id='word_1_516' title='bbox 2644 2739 2690 2770; x_wconf 83' lang='lat' dir='ltr'>ut</span> 
     </span>
     <span class='ocr_line' id='line_1_39' title="bbox 203 2791 2691 2854; baseline 0.002 -19"><span class='ocrx_word' id='word_1_517' title='bbox 203 2801 324 2850; x_wconf 88' lang='lat' dir='ltr'>patre</span> <span class='ocrx_word' id='word_1_518' title='bbox 357 2799 526 2836; x_wconf 89' lang='lat' dir='ltr'>mortuo</span> <span class='ocrx_word' id='word_1_519' title='bbox 559 2801 738 2835; x_wconf 89' lang='lat' dir='ltr'>matrem</span> <span class='ocrx_word' id='word_1_520' title='bbox 768 2793 841 2835; x_wconf 88' lang='lat' dir='ltr'>alii</span> <span class='ocrx_word' id='word_1_521' title='bbox 862 2792 956 2837; x_wconf 87' lang='lat' dir='ltr'>viro</span> <span class='ocrx_word' id='word_1_522' title='bbox 986 2792 1172 2835; x_wconf 89' lang='lat' dir='ltr'>traderet</span> <span class='ocrx_word' id='word_1_523' title='bbox 1201 2792 1245 2834; x_wconf 93' lang='lat' dir='ltr'>in</span> <span class='ocrx_word' id='word_1_524' title='bbox 1266 2791 1598 2844; x_wconf 85' lang='lat' dir='ltr'>matrimonium,</span> <span class='ocrx_word' id='word_1_525' title='bbox 1629 2807 1708 2835; x_wconf 90' lang='lat' dir='ltr'>cur</span> <span class='ocrx_word' id='word_1_526' title='bbox 1737 2808 1849 2852; x_wconf 90' lang='lat' dir='ltr'>opus</span> <span class='ocrx_word' id='word_1_527' title='bbox 1881 2804 2005 2846; x_wconf 89' lang='lat' dir='ltr'>esset,</span> <span class='ocrx_word' id='word_1_528' title='bbox 2037 2803 2084 2837; x_wconf 86' lang='lat' dir='ltr'>ut</span> <span class='ocrx_word' id='word_1_529' title='bbox 2114 2806 2213 2852; x_wconf 85' lang='lat' dir='ltr'>post</span> <span class='ocrx_word' id='word_1_530' title='bbox 2244 2794 2386 2839; x_wconf 90' lang='lat' dir='ltr'>omnia</span> <span class='ocrx_word' id='word_1_531' title='bbox 2416 2795 2488 2838; x_wconf 90' lang='lat' dir='ltr'>illa</span> <span class='ocrx_word' id='word_1_532' title='bbox 2517 2806 2691 2854; x_wconf 88' lang='lat' dir='ltr'>peracta</span> 
     </span>
     <span class='ocr_line' id='line_1_40' title="bbox 205 2858 2690 2923; baseline 0.001 -17"><span class='ocrx_word' id='word_1_533' title='bbox 205 2858 260 2915; x_wconf 80' lang='lat' dir='ltr'>(I.¹</span> <span class='ocrx_word' id='word_1_534' title='bbox 286 2878 327 2906; x_wconf 88' lang='lat' dir='ltr'>v.</span> <span class='ocrx_word' id='word_1_535' title='bbox 359 2863 442 2907; x_wconf 80' lang='lat'>293</span> <span class='ocrx_word' id='word_1_536' title='bbox 473 2863 568 2916; x_wconf 91' lang='lat' dir='ltr'>ss.),</span> <span class='ocrx_word' id='word_1_537' title='bbox 600 2862 744 2918; x_wconf 88' lang='lat' dir='ltr'>itaque</span> <span class='ocrx_word' id='word_1_538' title='bbox 774 2870 873 2920; x_wconf 90' lang='lat' dir='ltr'>post</span> <span class='ocrx_word' id='word_1_539' title='bbox 903 2871 1084 2905; x_wconf 87' lang='lat' dir='ltr'>matrem</span> <span class='ocrx_word' id='word_1_540' title='bbox 1114 2862 1186 2905; x_wconf 88' lang='lat' dir='ltr'>alii</span> <span class='ocrx_word' id='word_1_541' title='bbox 1215 2862 1309 2905; x_wconf 85' lang='lat' dir='ltr'>viro</span> <span class='ocrx_word' id='word_1_542' title='bbox 1338 2861 1424 2904; x_wconf 89' lang='lat' dir='ltr'>iam</span> <span class='ocrx_word' id='word_1_543' title='bbox 1454 2860 1499 2903; x_wconf 85' lang='lat' dir='ltr'>in</span> <span class='ocrx_word' id='word_1_544' title='bbox 1535 2863 1855 2907; x_wconf 84' lang='lat' dir='ltr'>matrimonium</span> <span class='ocrx_word' id='word_1_545' title='bbox 1885 2865 2148 2918; x_wconf 86' lang='lat' dir='ltr'>adiunctam,</span> <span class='ocrx_word' id='word_1_546' title='bbox 2179 2880 2334 2923; x_wconf 86' lang='lat' dir='ltr'>procos</span> <span class='ocrx_word' id='word_1_547' title='bbox 2356 2866 2526 2909; x_wconf 88' lang='lat' dir='ltr'>demum</span> <span class='ocrx_word' id='word_1_548' title='bbox 2556 2868 2690 2910; x_wconf 89' lang='lat' dir='ltr'>inter-</span> 
     </span>
     <span class='ocr_line' id='line_1_41' title="bbox 204 2929 2692 2990; baseline 0.002 -15"><span class='ocrx_word' id='word_1_549' title='bbox 204 2931 333 2976; x_wconf 89' lang='lat' dir='ltr'>ficere</span> <span class='ocrx_word' id='word_1_550' title='bbox 363 2932 585 2976; x_wconf 83' lang='lat' dir='ltr'>studeret?</span> <span class='ocrx_word' id='word_1_551' title='bbox 626 2929 675 2975; x_wconf 86' lang='lat' dir='ltr'>Si</span> <span class='ocrx_word' id='word_1_552' title='bbox 709 2947 846 2976; x_wconf 86' lang='lat' dir='ltr'>novae</span> <span class='ocrx_word' id='word_1_553' title='bbox 888 2932 1051 2978; x_wconf 87' lang='lat' dir='ltr'>scilicet</span> <span class='ocrx_word' id='word_1_554' title='bbox 1090 2932 1268 2988; x_wconf 88' lang='lat' dir='ltr'>nuptiae</span> <span class='ocrx_word' id='word_1_555' title='bbox 1305 2946 1403 2974; x_wconf 92' lang='lat' dir='ltr'>cum</span> <span class='ocrx_word' id='word_1_556' title='bbox 1445 2947 1531 2974; x_wconf 91' lang='lat' dir='ltr'>uno</span> <span class='ocrx_word' id='word_1_557' title='bbox 1562 2948 1616 2977; x_wconf 85' lang='lat' dir='ltr'>ex</span> <span class='ocrx_word' id='word_1_558' title='bbox 1660 2935 1805 2990; x_wconf 90' lang='lat' dir='ltr'>procis</span> <span class='ocrx_word' id='word_1_559' title='bbox 1852 2936 2105 2979; x_wconf 88' lang='lat' dir='ltr'>coniunctae</span> <span class='ocrx_word' id='word_1_560' title='bbox 2135 2946 2298 2986; x_wconf 90' lang='lat' dir='ltr'>essent,</span> <span class='ocrx_word' id='word_1_561' title='bbox 2342 2950 2516 2978; x_wconf 87' lang='lat' dir='ltr'>necesse</span> <span class='ocrx_word' id='word_1_562' title='bbox 2547 2948 2611 2979; x_wconf 85' lang='lat' dir='ltr'>est</span> <span class='ocrx_word' id='word_1_563' title='bbox 2641 2953 2692 2980; x_wconf 89' lang='lat' dir='ltr'>eo</span> 
     </span>
     <span class='ocr_line' id='line_1_42' title="bbox 206 3000 2694 3061; baseline 0.002 -18"><span class='ocrx_word' id='word_1_564' title='bbox 206 3009 400 3059; x_wconf 88' lang='lat' dir='ltr'>tempore</span> <span class='ocrx_word' id='word_1_565' title='bbox 444 3007 520 3044; x_wconf 86' lang='lat' dir='ltr'>aut</span> <span class='ocrx_word' id='word_1_566' title='bbox 560 3001 645 3045; x_wconf 85' lang='lat' dir='ltr'>iam</span> <span class='ocrx_word' id='word_1_567' title='bbox 685 3000 932 3045; x_wconf 86' lang='lat' dir='ltr'>interfectos</span> <span class='ocrx_word' id='word_1_568' title='bbox 971 3001 1108 3045; x_wconf 84' lang='lat' dir='ltr'>fuisse</span> <span class='ocrx_word' id='word_1_569' title='bbox 1147 3009 1312 3045; x_wconf 87' lang='lat' dir='ltr'>ceteros</span> <span class='ocrx_word' id='word_1_570' title='bbox 1357 3015 1540 3058; x_wconf 86' lang='lat' dir='ltr'>procos,</span> <span class='ocrx_word' id='word_1_571' title='bbox 1584 3010 1659 3045; x_wconf 88' lang='lat' dir='ltr'>aut</span> <span class='ocrx_word' id='word_1_572' title='bbox 1695 3003 1780 3047; x_wconf 91' lang='lat' dir='ltr'>iam</span> <span class='ocrx_word' id='word_1_573' title='bbox 1812 3020 1897 3047; x_wconf 91' lang='lat' dir='ltr'>non</span> <span class='ocrx_word' id='word_1_574' title='bbox 1929 3020 2040 3061; x_wconf 90' lang='lat' dir='ltr'>opus</span> <span class='ocrx_word' id='word_1_575' title='bbox 2070 3004 2218 3055; x_wconf 86' lang='lat' dir='ltr'>fuisse,</span> <span class='ocrx_word' id='word_1_576' title='bbox 2262 3013 2307 3046; x_wconf 89' lang='lat' dir='ltr'>ut</span> <span class='ocrx_word' id='word_1_577' title='bbox 2335 3004 2694 3048; x_wconf 75' lang='lat' dir='ltr'>interficerentur.</span> 
     </span>
     <span class='ocr_line' id='line_1_43' title="bbox 205 3068 2692 3130; baseline 0.002 -18"><span class='ocrx_word' id='word_1_578' title='bbox 205 3069 363 3127; x_wconf 89' lang='lat' dir='ltr'>Inepta</span> <span class='ocrx_word' id='word_1_579' title='bbox 392 3068 580 3126; x_wconf 88' lang='lat' dir='ltr'>denique</span> <span class='ocrx_word' id='word_1_580' title='bbox 620 3071 731 3115; x_wconf 85' lang='lat' dir='ltr'>foret</span> <span class='ocrx_word' id='word_1_581' title='bbox 761 3068 835 3113; x_wconf 90' lang='lat' dir='ltr'>illa</span> <span class='ocrx_word' id='word_1_582' title='bbox 868 3070 1118 3127; x_wconf 84' lang='lat' dir='ltr'>nuptiarum</span> <span class='ocrx_word' id='word_1_583' title='bbox 1149 3069 1495 3114; x_wconf 90' lang='lat' dir='ltr'>commemoratio</span> <span class='ocrx_word' id='word_1_584' title='bbox 1526 3071 1636 3115; x_wconf 87' lang='lat' dir='ltr'>mira</span> <span class='ocrx_word' id='word_1_585' title='bbox 1667 3087 1747 3116; x_wconf 88' lang='lat' dir='ltr'>sua</span> <span class='ocrx_word' id='word_1_586' title='bbox 1778 3072 2000 3125; x_wconf 86' lang='lat' dir='ltr'>brevitate,</span> <span class='ocrx_word' id='word_1_587' title='bbox 2033 3089 2160 3130; x_wconf 88' lang='lat' dir='ltr'>quam</span> <span class='ocrx_word' id='word_1_588' title='bbox 2190 3072 2466 3124; x_wconf 88' lang='lat' dir='ltr'>brevitatem,</span> <span class='ocrx_word' id='word_1_589' title='bbox 2498 3075 2534 3116; x_wconf 93' lang='lat' dir='ltr'>si</span> <span class='ocrx_word' id='word_1_590' title='bbox 2564 3074 2692 3118; x_wconf 88' lang='lat' dir='ltr'>Tele-</span> 
     </span>
     <span class='ocr_line' id='line_1_44' title="bbox 207 3138 2691 3199; baseline 0.002 -17"><span class='ocrx_word' id='word_1_591' title='bbox 207 3139 388 3183; x_wconf 88' lang='lat' dir='ltr'>machus</span> <span class='ocrx_word' id='word_1_592' title='bbox 430 3139 479 3195; x_wconf 92' lang='lat' dir='ltr'>(l.</span> <span class='ocrx_word' id='word_1_593' title='bbox 512 3138 571 3182; x_wconf 92' lang='lat' dir='ltr'>II.</span> <span class='ocrx_word' id='word_1_594' title='bbox 602 3156 643 3183; x_wconf 86' lang='lat' dir='ltr'>v.</span> <span class='ocrx_word' id='word_1_595' title='bbox 675 3140 775 3192; x_wconf 80' lang='lat'><strong>223)</strong></span> <span class='ocrx_word' id='word_1_596' title='bbox 806 3154 949 3182; x_wconf 90' lang='lat' dir='ltr'>coram</span> <span class='ocrx_word' id='word_1_597' title='bbox 981 3138 1122 3197; x_wconf 87' lang='lat' dir='ltr'>procis</span> <span class='ocrx_word' id='word_1_598' title='bbox 1154 3138 1305 3182; x_wconf 90' lang='lat' dir='ltr'>eadem</span> <span class='ocrx_word' id='word_1_599' title='bbox 1335 3146 1545 3193; x_wconf 80' lang='lat' dir='ltr'>uteretur,</span> <span class='ocrx_word' id='word_1_600' title='bbox 1577 3141 1717 3199; x_wconf 87' lang='lat' dir='ltr'>magis</span> <span class='ocrx_word' id='word_1_601' title='bbox 1748 3142 1877 3186; x_wconf 85' lang='lat' dir='ltr'>etiam</span> <span class='ocrx_word' id='word_1_602' title='bbox 1906 3142 2052 3186; x_wconf 89' lang='lat' dir='ltr'>liceret</span> <span class='ocrx_word' id='word_1_603' title='bbox 2083 3143 2253 3186; x_wconf 89' lang='lat' dir='ltr'>mirari:</span> <span class='ocrx_word' id='word_1_604' title='bbox 2287 3142 2460 3185; x_wconf 89' lang='lat' dir='ltr'>sienim</span> <span class='ocrx_word' id='word_1_605' title='bbox 2492 3142 2691 3187; x_wconf 85' lang='lat' dir='ltr'>Telema-</span> 
     </span>
     <span class='ocr_line' id='line_1_45' title="bbox 209 3208 2694 3268; baseline 0.002 -16"><span class='ocrx_word' id='word_1_606' title='bbox 209 3209 317 3252; x_wconf 90' lang='lat' dir='ltr'>chus</span> <span class='ocrx_word' id='word_1_607' title='bbox 348 3209 393 3253; x_wconf 93' lang='lat' dir='ltr'>id</span> <span class='ocrx_word' id='word_1_608' title='bbox 423 3209 567 3268; x_wconf 84' lang='lat' dir='ltr'>procis</span> <span class='ocrx_word' id='word_1_609' title='bbox 597 3209 895 3267; x_wconf 89' lang='lat' dir='ltr'>promissurus</span> <span class='ocrx_word' id='word_1_610' title='bbox 926 3208 1107 3259; x_wconf 85' lang='lat' dir='ltr'>fuisset,</span> <span class='ocrx_word' id='word_1_611' title='bbox 1155 3219 1334 3251; x_wconf 87' lang='lat' dir='ltr'>matrem</span> <span class='ocrx_word' id='word_1_612' title='bbox 1381 3223 1428 3252; x_wconf 85' lang='lat' dir='ltr'>se</span> <span class='ocrx_word' id='word_1_613' title='bbox 1459 3209 1554 3253; x_wconf 85' lang='lat' dir='ltr'>viro</span> <span class='ocrx_word' id='word_1_614' title='bbox 1599 3210 1727 3254; x_wconf 86' lang='lat' dir='ltr'>alicui</span> <span class='ocrx_word' id='word_1_615' title='bbox 1775 3211 2033 3256; x_wconf 88' lang='lat' dir='ltr'>traditurum</span> <span class='ocrx_word' id='word_1_616' title='bbox 2078 3228 2172 3255; x_wconf 87' lang='lat' dir='ltr'>esse</span> <span class='ocrx_word' id='word_1_617' title='bbox 2203 3213 2246 3254; x_wconf 89' lang='lat' dir='ltr'>in</span> <span class='ocrx_word' id='word_1_618' title='bbox 2279 3212 2618 3265; x_wconf 88' lang='lat' dir='ltr'>matrimonium,</span> <span class='ocrx_word' id='word_1_619' title='bbox 2651 3215 2694 3256; x_wconf 92' lang='lat' dir='ltr'>id</span> 
     </span>
     <span class='ocr_line' id='line_1_46' title="bbox 204 3277 2696 3337; baseline 0.002 -17"><span class='ocrx_word' id='word_1_620' title='bbox 204 3280 401 3334; x_wconf 87' lang='lat' dir='ltr'>profecto</span> <span class='ocrx_word' id='word_1_621' title='bbox 430 3295 516 3322; x_wconf 92' lang='lat' dir='ltr'>non</span> <span class='ocrx_word' id='word_1_622' title='bbox 546 3279 717 3323; x_wconf 77' lang='lat' dir='ltr'>fecisset</span> <span class='ocrx_word' id='word_1_623' title='bbox 748 3278 1017 3324; x_wconf 86' lang='lat' dir='ltr'>brevissimis</span> <span class='ocrx_word' id='word_1_624' title='bbox 1046 3277 1214 3329; x_wconf 88' lang='lat' dir='ltr'>verbis;</span> <span class='ocrx_word' id='word_1_625' title='bbox 1247 3277 1403 3321; x_wconf 89' lang='lat' dir='ltr'>deinde</span> <span class='ocrx_word' id='word_1_626' title='bbox 1434 3279 1470 3322; x_wconf 91' lang='lat' dir='ltr'>si</span> <span class='ocrx_word' id='word_1_627' title='bbox 1500 3281 1646 3337; x_wconf 84' lang='lat' dir='ltr'>procis</span> <span class='ocrx_word' id='word_1_628' title='bbox 1676 3280 1785 3324; x_wconf 89' lang='lat' dir='ltr'>illud</span> <span class='ocrx_word' id='word_1_629' title='bbox 1808 3296 1833 3324; x_wconf 90' lang='lat' dir='ltr'>a</span> <span class='ocrx_word' id='word_1_630' title='bbox 1855 3281 2115 3324; x_wconf 87' lang='lat' dir='ltr'>Telemacho</span> <span class='ocrx_word' id='word_1_631' title='bbox 2134 3281 2398 3336; x_wconf 90' lang='lat' dir='ltr'>promissum</span> <span class='ocrx_word' id='word_1_632' title='bbox 2421 3291 2548 3333; x_wconf 88' lang='lat' dir='ltr'>esset,</span> <span class='ocrx_word' id='word_1_633' title='bbox 2582 3296 2696 3326; x_wconf 83' lang='lat' dir='ltr'>certe</span> 
     </span>
     <span class='ocr_line' id='line_1_47' title="bbox 206 3348 2696 3408; baseline 0.002 -17"><span class='ocrx_word' id='word_1_634' title='bbox 206 3349 397 3392; x_wconf 91' lang='lat' dir='ltr'>contenti</span> <span class='ocrx_word' id='word_1_635' title='bbox 423 3363 475 3392; x_wconf 92' lang='lat' dir='ltr'>ac</span> <span class='ocrx_word' id='word_1_636' title='bbox 505 3349 607 3392; x_wconf 90' lang='lat' dir='ltr'>laeti</span> <span class='ocrx_word' id='word_1_637' title='bbox 637 3357 939 3406; x_wconf 88' lang='lat' dir='ltr'>exspectatum</span> <span class='ocrx_word' id='word_1_638' title='bbox 969 3349 1085 3393; x_wconf 90' lang='lat' dir='ltr'>hunc</span> <span class='ocrx_word' id='word_1_639' title='bbox 1116 3348 1323 3391; x_wconf 89' lang='lat' dir='ltr'>nuncium</span> <span class='ocrx_word' id='word_1_640' title='bbox 1353 3350 1644 3408; x_wconf 84' lang='lat' dir='ltr'>accepissent3</span> <span class='ocrx_word' id='word_1_641' title='bbox 1682 3364 1828 3395; x_wconf 90' lang='lat' dir='ltr'>verum</span> <span class='ocrx_word' id='word_1_642' title='bbox 1859 3367 1996 3408; x_wconf 90' lang='lat' dir='ltr'>neque</span> <span class='ocrx_word' id='word_1_643' title='bbox 2014 3351 2278 3404; x_wconf 88' lang='lat' dir='ltr'>Telemachi,</span> <span class='ocrx_word' id='word_1_644' title='bbox 2311 3367 2453 3408; x_wconf 92' lang='lat' dir='ltr'>neque</span> <span class='ocrx_word' id='word_1_645' title='bbox 2483 3351 2696 3396; x_wconf 86' lang='lat' dir='ltr'>Mentoris</span> 
     </span>
    </p>
   </div>
   <div class='ocr_carea' id='block_1_3' title="bbox 405 3515 2541 3565">
    <p class='ocr_par' dir='ltr' id='par_1_6' title="bbox 405 3515 2541 3565">
     <span class='ocr_line' id='line_1_48' title="bbox 405 3515 2541 3565; baseline 0 -12"><span class='ocrx_word' id='word_1_646' title='bbox 405 3517 436 3560; x_wconf 75' lang='lat'>*)</span> <span class='ocrx_word' id='word_1_647' title='bbox 462 3515 551 3553; x_wconf 58' lang='lat' dir='ltr'>§teuc</span> <span class='ocrx_word' id='word_1_648' title='bbox 577 3516 719 3561; x_wconf 59' lang='grc' dir='ltr'>διώκω).</span> <span class='ocrx_word' id='word_1_649' title='bbox 746 3516 800 3563; x_wconf 67' lang='lat' dir='ltr'>ssu·</span> <span class='ocrx_word' id='word_1_650' title='bbox 824 3517 956 3562; x_wconf 57' lang='lat' dir='ltr'>astaol.</span> <span class='ocrx_word' id='word_1_651' title='bbox 984 3527 1014 3554; x_wconf 87' lang='lat' dir='ltr'>u.</span> <span class='ocrx_word' id='word_1_652' title='bbox 1043 3516 1219 3565; x_wconf 58' lang='lat' dir='ltr'>mibagog.</span> <span class='ocrx_word' id='word_1_653' title='bbox 1247 3526 1277 3553; x_wconf 78' lang='grc' dir='ltr'>υ.</span> <span class='ocrx_word' id='word_1_654' title='bbox 1304 3516 1359 3554; x_wconf 66' lang='lat' dir='ltr'>tm.</span> <span class='ocrx_word' id='word_1_655' title='bbox 1386 3516 1471 3562; x_wconf 67' lang='lat' dir='ltr'>zob.</span> <span class='ocrx_word' id='word_1_656' title='bbox 1500 3517 1580 3563; x_wconf 68' lang='lat' dir='ltr'>OEbt.</span> <span class='ocrx_word' id='word_1_657' title='bbox 1608 3517 1722 3562; x_wconf 58' lang='lat' dir='ltr'>gaba</span> <span class='ocrx_word' id='word_1_658' title='bbox 1748 3529 1802 3557; x_wconf 54' lang='grc' dir='ltr'>ια,</span> <span class='ocrx_word' id='word_1_659' title='bbox 1835 3518 1931 3555; x_wconf 77' lang='lat'>1851,</span> <span class='ocrx_word' id='word_1_660' title='bbox 1960 3517 2024 3555; x_wconf 61' lang='lat' dir='ltr'>ssb.</span> <span class='ocrx_word' id='word_1_661' title='bbox 2052 3519 2109 3559; x_wconf 77' lang='lat'>62,</span> <span class='ocrx_word' id='word_1_662' title='bbox 2135 3519 2179 3561; x_wconf 63' lang='grc' dir='ltr'>«ὃ.</span> <span class='ocrx_word' id='word_1_663' title='bbox 2210 3523 2238 3559; x_wconf 83' lang='lat'>1.</span> <span class='ocrx_word' id='word_1_664' title='bbox 2266 3518 2316 3557; x_wconf 66' lang='grc' dir='ltr'>Ξ.</span> <span class='ocrx_word' id='word_1_665' title='bbox 2349 3520 2541 3555; x_wconf 63' lang='lat'>192-197.</span> 
     </span>
    </p>
   </div>
   <div class='ocr_carea' id='block_1_4' title="bbox 2352 3582 2414 3624">
    <p class='ocr_par' dir='ltr' id='par_1_7' title="bbox 2352 3582 2414 3624">
     <span class='ocr_line' id='line_1_49' title="bbox 2352 3582 2414 3624; baseline 0 -18"><span class='ocrx_word' id='word_1_666' title='bbox 2352 3582 2414 3624; x_wconf 73' lang='lat'>2⁴}</span> 
     </span>
    </p>
   </div>
  </div>
 </body>
</html>
