2853 3720
179 219 361 264 Homeri
391 217 758 275 locupletissimus
791 217 863 262 ille
893 217 1123 274 interpres,
1155 218 1437 275 compositam
1462 232 1559 262 esse
1591 215 1694 258 dicit
1726 214 1839 258 hanc
1854 229 2006 259 vocem
2029 218 2347 272 atquealteram
2363 218 2455 261 eius
2477 227 2645 274 partem

180 303 278 332 esse
320 286 531 345 syllabam
570 302 654 343 νη,
700 287 881 330 alteram
926 301 980 330 ex
1026 286 1160 330 verbo
1205 285 1457 330 δύω-δύνω
1502 285 1762 337 deductam,
1804 284 1864 326 ita
1909 292 1958 327 ut
2000 283 2203 341 νήδυμος
2247 287 2437 344 positum
2477 288 2529 331 sit
2568 303 2646 345 pro

177 354 438 409 ἀνέκδυτος.
487 355 798 401 Aristarchum
826 355 1005 415 plurimi
1034 356 1323 400 recentiorum
1368 356 1657 411 interpretum
1699 355 1835 398 secuti
1875 361 1998 406 sunt,
2044 355 2155 399 inter
2202 369 2313 411 quos
2360 357 2457 400 vide
2497 368 2649 401 contra

180 426 435 470 Buttmanni
466 426 721 469 sententiam
753 426 858 470 satis
890 426 1065 481 copiose
1095 425 1388 484 disputantem
1415 441 1452 469 e.
1483 440 1523 484 g.
1555 423 1811 469 Passovium
1843 425 1886 467 in
1917 424 2059 467 lexico
2082 439 2175 475 suo,
2208 426 2281 482 qui
2315 426 2443 483 plane
2473 427 2648 484 quidem

181 495 344 546 docuit,
373 495 420 538 in
449 493 577 538 Iliad,
608 495 683 539 lib.
715 495 779 539 X.
810 511 849 539 v.
884 497 966 539 187
998 503 1100 553 apte
1131 495 1185 538 de
1215 496 1470 539 custodibus
1501 495 1609 538 dici.
1642 489 1702 545 ὥς
1733 497 1825 537 τῶν
1854 492 2056 550 νήδυμος
2085 490 2231 546 ὕπνος
2261 490 2351 538 ἀπὸ
2381 495 2651 551 βλεφάροιϊν

179 561 365 621 ὀλώλει,
395 565 549 609 merito
579 564 710 609 etiam
739 564 920 623 negavit
948 565 1132 609 formam
1160 563 1364 622 νήδυμος
1392 565 1495 609 01111
1526 564 1723 623 potuisse
1753 579 1779 606 a
1807 564 1950 607 forma
1979 564 2129 607 nativa
2157 559 2284 621 ἡδύς,
2315 580 2397 608 nec
2428 581 2530 609 vero
2562 581 2650 608 rem

179 635 306 679 certis
338 635 607 695 argumentis
637 635 683 678 in
713 634 950 679 discrimen
980 635 1180 679 adduxit.
1226 635 1520 679 Buttmannus
1552 635 1669 685 dicit,
1702 633 1738 678 si
1769 649 1857 677 vox
1887 641 2037 678 nostra
2072 644 2166 677 orta
2208 635 2264 678 sit
2294 651 2319 678 a
2350 635 2483 679 verbo
2514 635 2652 683 δυ’νω,

180 704 417 762 praemissa
446 712 629 760 negante
660 703 829 761 syllaba
857 720 944 761 νη,
975 705 1089 748 1110111
1118 704 1207 748 fere
1237 719 1289 748 ea
1319 704 1551 760 significari
1581 713 1711 761 atque
1741 719 1850 747 voce
1880 701 2110 760 νήγρετος,
2142 704 2305 747 80111001
2336 720 2536 748 somnum
2557 721 2652 761 gra-

180 774 426 825 vissimum,
459 773 536 829 qui
565 782 653 816 tam
684 781 803 817 arcte
831 773 1025 817 homines
1058 774 1313 831 complexus
1355 782 1520 826 teneat,
1565 782 1614 816 ut
1657 773 1941 831 expergefieri
1986 772 2059 815 vix
2099 773 2291 830 possint3
2337 774 2519 817 eandem
2552 790 2653 816 vero

180 844 402 887 notionem
433 841 606 887 duabus
636 842 705 886 his
735 842 917 887 vocibus
948 842 1091 887 inesse
1120 858 1208 887 non
1238 858 1380 901 posse,
1413 843 1619 901 quoniam
1660 858 1748 887 uno
1786 842 1906 892 loco,
1946 840 2033 885 Od.
2070 842 2102 886 1.
2140 841 2277 886 XIII.
2308 859 2350 887 v.
2384 845 2437 886 79
2468 859 2517 894 8.,
2550 858 2652 886 con·

179 918 356 956 iunctae
384 913 668 971 reperiantur.
710 911 799 957 Sed
829 913 872 955 in
906 912 1101 970 Scyllam
1129 913 1282 956 incidit
1312 911 1626 964 Buttmannus,
1663 928 1798 969 quum
1828 913 1964 956 vitare
2001 912 2187 955 voluerit
2229 911 2522 970 Charybdim3
2555 928 2655 955 nam

181 983 333 1026 eodem
363 981 439 1026 illo
468 982 565 1026 loco
595 978 743 1033 ὕπνος
773 998 860 1025 11011
890 981 1032 1025 80111111
1063 981 1221 1025 dicitur
1252 980 1449 1039 νήδυμος
1488 991 1530 1026 01
1569 979 1808 1038 νήγρετος,
1848 982 1926 1024 sed
1964 982 2093 1024 etiam
2129 978 2334 1037 ἥδιστος,
2378 983 2497 1037 quod
2541 993 2657 1026 certe

181 1053 272 1096 fieri
302 1067 390 1095 non
420 1060 581 1109 posset,
615 1052 650 1094 si
682 1050 885 1108 νήδυμος
915 1060 1059 1095 ortum
1088 1060 1205 1095 esset
1234 1067 1261 1094 a
1288 1067 1392 1095 voce
1421 1047 1535 1107 ἡδύς
1565 1062 1696 1107 atque
1716 1052 1835 1094 notio
1856 1051 2040 1094 istorum
2063 1051 2377 1095 vocabulorum
2399 1052 2489 1095 fere
2506 1053 2657 1095 eadem

181 1130 311 1165 esset.
348 1120 515 1165 Verum
546 1122 677 1185 plane
708 1121 929 1164 seiunctae
960 1129 1063 1164 sunt
1090 1120 1246 1164 horum
1276 1121 1589 1164 adiectivorum
1621 1121 1843 1163 notiones:
1875 1117 2021 1171 ὕπνος
2052 1121 2166 1163 0111111
2197 1121 2234 1164 18
2267 1121 2426 1165 (11011111
2456 1120 2658 1177 νήδυμος

186 1187 448 1247 (νη-δυ’νω),
481 1190 555 1245 qui
589 1198 677 1233 tam
709 1190 858 1247 gravis
890 1197 978 1242 est,
1016 1198 1066 1232 ut
1105 1207 1187 1233 non
1227 1199 1369 1248 sponte
1406 1191 1527 1248 quasi
1562 1206 1610 1233 ea:
1646 1206 1690 1233 eo
1728 1206 2003 1247 emer-qemun
2040 1191 2176 1233 multo
2216 1191 2349 1234 etiam
2390 1192 2566 1249 gravior
2596 1200 2657 1233 est

181 1257 327 1312 ὕπνος
355 1257 574 1316 νήγρετος
607 1254 895 1316 (νη-ἓγείρω),
928 1260 1092 1318 quippe
1122 1276 1174 1304 ex
1203 1277 1284 1318 quo
1313 1277 1361 1303 ne
1389 1262 1439 1304 ab
1470 1260 1565 1302 aliis
1594 1261 1760 1317 quidem
1791 1261 2026 1303 excitemur.
2069 1259 2197 1303 Hanc
2227 1259 2283 1304 ob
2313 1276 2405 1304 rem
2436 1261 2660 1319 aptissime

181 1332 224 1373 in
260 1330 399 1374 Iliade
425 1331 450 1372 1.
482 1329 542 1373 ΙΙ.
576 1347 615 1372 v.
646 1331 687 1372 2.
729 1330 860 1373 ceteri
898 1330 1074 1387 quidem
1109 1330 1169 1372 dii
1210 1330 1413 1372 dicuntur
1453 1324 1605 1372 εὕδειν
1647 1326 1985 1385 παννύχιοι,
2033 1328 2211 1384 Jupiter
2251 1345 2356 1373 vero
2399 1346 2485 1374 non
2527 1333 2659 1374 teneri

183 1398 413 1458 νηδύμῳ
442 1395 599 1456 ὕπνῳ,
638 1399 716 1442 8011
748 1399 862 1443 111101
894 1415 1093 1443 somnum
1129 1395 1241 1443 κατὰ
1281 1399 1428 1454 φρένα
1465 1399 1772 1455 μερμηρίζειν,
1813 1397 1978 1441 scilicet
2018 1406 2176 1456 sponte
2212 1398 2465 1456 saepissime
2504 1415 2661 1457 exper-

185 1472 361 1526 giscens
392 1468 460 1511 vel
490 1468 563 1512 vix
589 1469 806 1512 dormiens
830 1477 872 1512 et
898 1469 941 1512 in
968 1469 1144 1513 somn-iis
1174 1478 1415 1524 occupatus
1445 1469 1506 1524 (v.
1532 1470 1596 1523 6),
1629 1468 1674 1510 in
1707 1466 1908 1524 Odyssea
1929 1477 2088 1519 autem,
2111 1469 2138 1511 l.
2162 1467 2294 1512 XIII.
2318 1484 2355 1512 v.
2377 1471 2445 1520 79,
2479 1469 2663 1526 singulis

183 1538 366 1582 vocibus
397 1538 453 1581 ad
483 1539 689 1581 maiorem
720 1539 858 1581 somni
883 1538 1145 1596 gravitatem
1174 1554 1226 1582 ac
1253 1538 1499 1581 firmitatem
1529 1537 1858 1592 significandam
1889 1537 2157 1594 proceditur:
2188 1538 2376 1594 primum
2409 1539 2524 1581 enim
2557 1539 2663 1581 dici-

184 1618 256 1650 tur
281 1605 497 1664 νήδυμος,
530 1607 687 1650 11011]ᾶο
717 1605 948 1663 νήγρετος,
980 1615 1073 1651 tum
1101 1604 1296 1663 ἥδιστος,
1329 1622 1498 1650 summa
1530 1607 1645 1649 enim
1673 1606 1736 1649 vis
1765 1606 1877 1648 inest
1907 1606 1950 1648 in
1985 1607 2219 1657 suavitate,
2250 1617 2470 1664 postremo
2502 1607 2664 1651 dicitur

182 1673 372 1735 θανάτῳ
401 1671 588 1732 ἄγχιστα
618 1673 791 1727 ἐοικώς.
833 1675 989 1733 Itaque
1020 1676 1073 1720 de
1106 1675 1236 1720 simili
1266 1675 1434 1734 origine
1465 1690 1619 1719 vocum
1649 1673 1851 1733 νήδυμος
1891 1684 1932 1719 01
1974 1674 2189 1732 νήγρετος
2220 1675 2308 1719 iam
2334 1676 2408 1719 vix
2436 1684 2480 1719 et
2506 1691 2560 1720 ne
2593 1677 2664 1719 vix

187 1746 363 1802 quidem
392 1745 566 1789 videtur
601 1761 727 1803 posse
759 1744 974 1798 dubitari,
1016 1755 1147 1803 atque
1178 1760 1313 1800 quum
1347 1744 1500 1788 similis
1531 1760 1679 1788 earum
1708 1745 1832 1803 origo
1864 1746 1942 1798 sit,
1983 1745 2112 1789 etiam
2138 1745 2257 1789 notio
2296 1746 2389 1789 eius
2426 1746 2567 1798 vocis,
2611 1747 2665 1789 de

186 1830 273 1871 qua
303 1814 539 1870 quaeritur,
570 1815 657 1857 iam
684 1822 746 1857 est
774 1825 935 1870 aperta.
982 1816 1033 1859 In
1064 1816 1205 1859 forma
1235 1815 1424 1872 denique
1451 1814 1580 1857 huius
1611 1815 1811 1856 adiectivi
1840 1829 1926 1857 non
1955 1823 2033 1864 est,
2068 1814 2186 1867 quod
2215 1815 2488 1858 offendamus
2499 1832 2509 1866 3
2545 1831 2664 1858 com-

185 1885 329 1942 parari
357 1893 501 1942 potest
531 1899 567 1927 e.
596 1899 640 1942 g.
671 1899 826 1928 nomen
857 1885 1092 1941 Δίδυμος,
1135 1885 1260 1929 0111118
1297 1886 1420 1943 origo
1460 1883 1739 1941 (δύω-δύνω)
1772 1892 1888 1927 certe
1920 1884 2097 1927 videtur
2127 1884 2281 1927 eadem
2313 1899 2417 1927 esse.

391 1953 619 1999 Somnium
660 1957 1111 2007 commemoravimus,
1143 1952 1371 2011 Ὄνειρον,
1408 1970 1537 2011 quem
1567 1955 1745 2011 Jupiter
1782 1956 1999 2013 appellat,
2031 1947 2140 1998 οὖλε
2161 1951 2349 2008 Ὄνειρε,
2381 1954 2456 1997 111).
2476 1954 2532 1997 II.
2568 1971 2605 1996 v.
2637 1956 2661 1997 8

187 2024 426 2080 Quaeritur
455 2026 586 2068 etiam
618 2025 672 2068 de
704 2025 875 2084 origine
905 2040 956 2069 ac
985 2026 1162 2070 notione
1190 2027 1313 2070 vocis
1344 2018 1496 2077 οὖλος,
1529 2041 1659 2083 quam
1693 2040 1844 2068 vocem
1876 2035 1992 2067 recte
2012 2025 2298 2082 grammatici,
2331 2040 2517 2081 quorum
2544 2040 2670 2082 prae—

188 2098 314 2153 cipue
345 2111 483 2138 unum
513 2096 762 2139 nominasse
794 2095 985 2139 sufficiet
1013 2096 1330 2139 Buttmannum
1360 2096 1404 2138 in
1436 2095 1588 2139 eodem
1619 2095 1808 2153 lexilogo
1840 2097 1878 2146 ξ.
1895 2098 1948 2137 47
1966 2094 2267 2152 copiosissime
2284 2094 2498 2137 haedere
2516 2094 2670 2152 dispu-

187 2173 374 2215 tantem,
412 2165 468 2207 ad
498 2164 641 2207 varias
671 2164 907 2208 retulerunt
937 2166 1124 2223 origines
1156 2180 1255 2208 cum
1284 2164 1416 2207 variis
1447 2164 1722 2216 notionibus,
1761 2166 1874 2207 inter
1905 2179 2015 2221 quas
2048 2164 2220 2220 quidem
2261 2164 2365 2205 satis
2398 2174 2540 2206 certae
2572 2175 2670 2206 sunt

188 2236 329 2276 forma
358 2241 401 2276 et
431 2234 497 2276 vis
529 2233 731 2277 adiectivi
760 2229 881 2286 ὅλος,
914 2234 1071 2278 deinde
1102 2235 1239 2277 altera
1268 2234 1468 2277 adiectivi
1501 2229 1648 2286 ὀλοός,
1680 2249 1791 2291 quae
1821 2234 2010 2277 deducta
2040 2245 2104 2277 est
2135 2249 2160 2274 a
2190 2233 2320 2276 verbo
2352 2228 2669 2289 ὀλεῖν·ὄλλυμι.

188 2303 302 2346 Utro
332 2303 468 2360 igitur
488 2304 659 2345 nomine
689 2302 759 2345 vel
790 2313 887 2346 utra
918 2303 1046 2346 huius
1077 2304 1264 2347 nominis
1293 2305 1466 2346 notione
1497 2305 1772 2361 appellandus
1792 2305 1874 2347 erit
1889 2301 2131 2357 ''Ovetoog?
2163 2303 2368 2358 Plerique
2389 2303 2669 2359 interpretum

187 2381 305 2416 recte
327 2373 505 2427 quidem
527 2381 789 2415 censuerunt
808 2368 1022 2428 ’Ὀνειρον
1052 2374 1322 2431 appellatum
1352 2389 1448 2416 esse
1477 2367 1620 2416 οὖλον
1650 2388 1747 2416 011111
1769 2375 1952 2425 nocendi,
1981 2374 2184 2429 perdendi
2212 2372 2405 2422 notione,
2439 2373 2517 2415 sed
2547 2388 2670 2414 nemo

189 2459 364 2495 eorum,
405 2453 614 2497 quantum
646 2443 850 2499 equidem
879 2444 998 2495 scio,
1037 2444 1197 2487 iustam
1236 2444 1378 2487 attulit
1409 2459 1610 2494 causam,
1648 2458 1725 2486 cur
1764 2443 1901 2485 altera
1931 2442 2122 2485 eiusdem
2155 2441 2278 2485 vocis
2311 2442 2430 2485 notio
2461 2441 2544 2485 1100
2573 2443 2669 2485 loco

189 2512 321 2556 statui
351 2528 436 2556 non
467 2512 626 2569 possit,
667 2513 814 2569 itaque
855 2513 976 2569 prior
1015 2512 1090 2557 illa
1120 2513 1283 2570 quippe
1321 2512 1554 2557 admodum
1593 2521 1696 2570 apta
1733 2513 1865 2556 statui
1904 2511 2069 2557 debeat.
2124 2509 2285 2570 Cogita
2329 2512 2482 2570 igitur,
2525 2523 2669 2556 utrum

178 2578 386 2636 Ὀνειρος
417 2592 516 2638 apte
545 2598 572 2624 a
599 2581 713 2626 Jove
751 2581 960 2640 appellari
990 2583 1149 2640 possit,
1195 2579 1272 2627 ὅλε
1305 2584 1387 2638 (ep.
1417 2576 1544 2639 οὖλε)
1561 2579 1764 2638 Ὄνειρε,
1808 2582 1853 2625 111
1885 2592 1979 2635 081,
2010 2579 2216 2637 ’Όνειρε,
2247 2584 2322 2641 qui
2348 2599 2429 2626 non
2458 2584 2605 2626 umbra
2630 2601 2669 2627 es

195 2667 322 2709 neque
350 2653 487 2709 imayo
516 2654 681 2705 somnii,
713 2655 784 2696 sed
811 2654 898 2710 ipse
925 2654 1177 2696 somniorum
1206 2662 1361 2703 auctor,
1393 2661 1543 2696 totus
1573 2661 1609 2696 et
1638 2655 1815 2709 perfecto
1838 2669 2004 2711 corpore
2028 2655 2246 2711 praeditus
2266 2663 2386 2711 atque
2407 2655 2661 2712 conspicuus.

198 2721 248 2765 Si
269 2735 368 2765 vere
398 2721 510 2764 inter
531 2721 633 2764 deos
656 2721 755 2764 talis
788 2730 856 2765 est
885 2722 1151 2766 somniorum
1182 2733 1348 2774 auctor,
1383 2723 1574 2780 corporis
1605 2722 1747 2780 figura
1776 2723 2001 2779 praeditus
2033 2723 2193 2774 divina,
2224 2724 2305 2766 iste
2336 2723 2418 2767 hac
2448 2738 2493 2767 re
2523 2724 2617 2781 ipsa
2648 2740 2673 2765 a

191 2791 314 2834 nullo
345 2790 523 2834 deorum
554 2790 729 2834 differre
760 2791 949 2847 videtur,
979 2790 1112 2835 habet
1142 2791 1270 2843 enim,
1303 2792 1414 2834 sicut
1444 2791 1616 2848 reliqui,
1648 2808 1795 2835 veram
1826 2808 1950 2836 suam
1981 2794 2174 2851 corporis
2204 2793 2402 2852 figuram.
2426 2791 2514 2847 Qui
2538 2793 2673 2851 igitur

192 2861 311 2904 hunc
339 2875 446 2917 prae
476 2860 632 2903 ceteris
663 2859 841 2915 Jupiter
871 2862 1083 2919 appellare
1113 2862 1275 2918 possit,
1322 2853 1398 2905 ὅλε
1413 2857 1610 2916 Ὄνειρε,
1657 2863 1840 2914 80111001,
1870 2865 1944 2920 qui
1972 2879 2053 2908 esee
2080 2880 2162 2908 non
2191 2865 2342 2907 videris
2372 2866 2667 2914 tantummodo,

194 2932 267 2973 sed
293 2946 413 2975 verus
442 2946 483 2974 es
512 2931 612 2973 deus
642 2945 818 2988 veraque
849 2938 920 2974 tua
944 2933 1165 2989 praeditus
1180 2930 1355 2989 fiyura?
1387 2930 1570 2976 Minime
1601 2948 1713 2991 opus
1745 2941 1824 2984 est,
1855 2941 1905 2976 ut
1933 2933 2064 2976 huius
2096 2934 2328 2991 praecipue
2345 2932 2414 2976 dei
2439 2932 2677 2977 affirmetur

195 3015 298 3043 vera
327 3000 522 3057 corporis
553 2999 708 3058 figura,
736 3015 879 3054 neque
907 3010 954 3043 ut
981 3016 1006 3043 a
1036 3001 1214 3044 somniis
1244 3001 1318 3044 tali
1348 3002 1620 3059 appellatione
1646 3003 1962 3061 distinguatur:
1993 3018 2094 3045 nam
2122 3003 2287 3046 somnia
2309 3002 2416 3059 ipsa,
2437 3003 2677 3047 admodum

195 3070 327 3120 varia,
357 3071 533 3113 minime
563 3070 719 3113 similia
747 3079 849 3113 sunt
880 3071 1146 3114 somniorum
1173 3072 1355 3121 auctori,
1386 3071 1462 3127 qui
1490 3087 1664 3129 semper
1687 3073 1802 3116 idem
1832 3087 1883 3116 ac
1911 3073 1979 3116 sui
2011 3072 2164 3116 similis
2194 3081 2270 3115 est.
2305 3070 2357 3114 In
2383 3088 2424 3114 v.
2443 3073 2470 3115 6
2500 3073 2677 3129 quidem

139 3163 142 3166 ·
196 3142 291 3198 ipse
322 3149 452 3198 poeta
470 3136 684 3194 Ὄνειρον
713 3148 884 3198 poterat
910 3140 1136 3184 nominare
1164 3143 1261 3194 (nec
1287 3155 1388 3184 vero
1411 3141 1675 3198 nominavit)
1704 3137 1830 3194 ὅλον,
1855 3141 1901 3184 111
1925 3150 2006 3192 081,
2037 3155 2185 3184 verum
2211 3155 2262 3183 ac
2287 3148 2428 3183 totum
2448 3136 2675 3196 Ὄνειρον,

196 3220 245 3253 111
276 3208 620 3266 significaretur,
663 3209 984 3268 Agamemnoni
1022 3224 1110 3253 non
1148 3211 1317 3254 somnia
1354 3225 1450 3255 esse
1481 3212 1640 3263 missa,
1690 3211 1768 3255 sed
1805 3212 1945 3269 ipsum
1968 3206 2202 3262 Ὄνειρον,
2249 3209 2501 3253 huiusmodi
2533 3221 2679 3254 autem

198 3280 422 3337 appellatio
453 3282 519 3324 dei
545 3281 679 3338 ipsium
705 3281 853 3337 inepta
882 3281 1005 3324 foret.
1041 3279 1285 3338 Aptissime
1311 3295 1415 3324 vero
1442 3282 1527 3326 iste
1554 3282 1821 3326 somniorum
1852 3281 1960 3324 deus
1988 3279 2150 3322 dicitur
2172 3273 2306 3330 ὀλοός
2333 3271 2525 3335 (οὖλος),
2550 3290 2681 3337 atque

199 3352 263 3393 sic
293 3351 425 3393 etiam
453 3352 694 3410 appellatur
724 3365 749 3392 a
776 3350 902 3403 Jove,
935 3342 1241 3405 οὖλεὌνειρε,
1266 3350 1472 3407 quoniam
1501 3360 1568 3394 est
1583 3352 1741 3409 fallax,
1773 3351 1957 3406 ideoque
1974 3351 2210 3398 damnosus,
2241 3351 2509 3405 perniciosus,
2541 3364 2682 3406 neque

202 3419 396 3463 dubitari
425 3422 585 3479 poterit
616 3421 728 3464 hanc
755 3421 871 3464 illius
902 3420 1022 3463 vocis
1054 3421 1274 3463 notionem
1316 3430 1521 3478 tanquam
1560 3421 1628 3463 dei
1665 3421 1887 3478 propriam
1927 3421 2065 3461 inesse
2106 3419 2311 3461 omnibus
2350 3419 2483 3470 10018,
2520 3420 2680 3476 quibus

188 3485 397 3543 Ὄνειρος
421 3483 559 3542 οὖλος
585 3492 845 3534 nominatur.
